4942 6167
1027 311 1551 433 onena
1612 349 2240 424 MARTIALIS
2302 352 2661 427 cvRAE
2706 354 3034 428 ΒονΜ.
3459 382 3603 461 307

449 532 710 613 nestam
737 531 1025 609 viridem
1054 500 1430 621 contento}
1482 546 1555 607 et
1598 536 2026 608 eaminvino
2055 532 2199 608 fiue
2234 537 2308 608 in
2351 558 2594 635 aquam
2630 536 3034 638 peimixtam
3071 538 3228 625 dato
3272 563 3399 640 per
3449 530 3599 619 coi·⁴
3661 560 3672 569 “

448 665 641 713 num.
794 642 1192 710 Iumentum
1226 634 1276 707 fi
1305 636 1484 707 male
1510 634 1851 721 habuerit,
1897 638 2155 732 cineres
2188 650 2237 724 Y,
2279 638 2510 727 lixiua,
2551 655 2788 738 cyatos
2816 644 3011 731 VIII,
3045 644 3179 715 olei
3203 658 3443 740 cyatos
3474 651 3589 733 VI,
3627 668 3708 737 ιγ
3821 727 3826 731 ,

447 737 821 832 consubige
846 755 919 811 et
941 743 1015 811 in
1040 748 1068 781 ²
1106 738 1179 809 se
1204 755 1277 809 et
1301 748 1328 781 ²
1375 736 1506 809 dat.
1556 735 1740 808 bibat
1763 760 1890 834 per
1915 760 2235 826 cornum,
2287 756 2360 811 et
2401 758 2625 812 currat
2663 767 2752 813 ne
2789 745 3015 816 minus
3054 743 3297 816 horam
3336 758 3455 817 aut
3494 748 3590 819 se-

448 846 676 948 niores
702 838 752 913 b.
907 846 1006 915 Vt
1028 836 1209 913 bene
1233 837 1514 911 valeant.
1562 841 2041 953 Yjpopomaces
2069 852 2095 886 ⁶
2123 863 2272 911 vnc.
2298 861 2328 912 1
2370 846 2666 915 conteris
2698 869 2778 915 ex
2805 847 2964 917 vino
2993 841 3178 918 dabis
3208 845 3587 944 potiqnem.

2209 950 2240 980 ο
2264 961 2268 965 «
2731 950 2764 983 ο

448 996 561 1071 Ad
586 994 871 1069 scabiem
896 997 1386 1070 iumentorum.
1484 986 1723 1064 'Arabis
1756 987 1785 1036 ‘¹
1816 990 2164 1064 bituminis
2195 997 2390 1092 p.111‚
2419 992 2686 1069 sulftuis
2713 1022 2781 1096 p.
2797 1002 2880 1084 11,
2897 1001 3064 1098 picis
3081 998 3372 1097 liquidae
3383 952 3582 1099 ἑνὶ,
3618 1020 3693 1092 12

450 1092 712 1198 picem,
763 1088 1094 1186 mentam,
1149 1099 1417 1185 oleum,
1482 1096 1680 1165 mitte
1719 1095 1793 1165 in
1840 1092 2045 1164 ollam
2084 1095 2453 1187 integram,
2516 1094 2660 1169 fine
2698 1100 3005 1196 quiescat.
3083 1103 3289 1171 ‘Dein
3320 1114 3347 1144 ⁸
3383 1101 3585 1202 super

454 1198 797 1287 infricata,
845 1203 963 1297 qui
1001 1214 1073 1272 et
1101 1202 1259 1270 trita
1301 1209 1537 1282 erunt,
1591 1210 1663 1266 et
1714 1219 1884 1291 quae
1930 1195 2165 1281 soleta,
2225 1194 2431 1267 adice.
2495 1194 2835 1287 bitumen,
2889 1200 3108 1272 sulfur
3139 1203 3336 1293 nigro
3376 1215 3448 1273 et
3487 1208 3581 1276 ita

452 1300 770 1387 infunde,
815 1299 929 1372 sed
955 1300 1312 1393 diligenter
1347 1321 1599 1395 coques
1632 1321 1719 1367 ne
1742 1294 2034 1384 ferueat‚
2081 1293 2198 1367 sed
2238 1296 2394 1369 lene
2428 1298 2573 1390 igni
2617 1299 2726 1371 vel
2766 1298 3167 1374 carbonibus
3211 1300 3577 1391 calefacitc,

458 1417 527 1474 et
553 1400 867 1474 remobes
900 1401 981 1474 ab
1010 1405 1201 1494 igne,
1245 1415 1315 1472 et
1341 1400 1553 1483 colas,
1602 1420 1682 1468 ac
1708 1396 2082 1469 resolutum
2116 1399 2303 1495 prius
2342 1414 2535 1470 aceto
2572 1398 2981 1499 admiscebis.
3086 1407 3251 1474 Hoc
3289 1403 3578 1477 medica-

450 1519 690 1576 mento
716 1504 1087 1602 perunguis
1113 1505 1413 1573 iumenta
1438 1499 1713 1570 alternis
1753 1496 1990 1570 diebus
2041 1496 2195 1596 plus
2237 1495 2340 1569 bis
2377 1513 2496 1570 aut
2539 1517 2793 1599 quater.
2932 1502 3044 1575 Ad
3081 1505 3388 1609 pituitas,
3440 1508 3576 1577 ani-
3606 1526 3691 1599 ι,

454 1605 573 1677 scis
604 1600 634 1648 f
665 1629 815 1675 vnc.
844 1608 972 1691 111,
1029 1601 1370 1675 benetoris
1400 1613 1431 1660 8
1471 1597 1655 1671 dabis
1712 1622 1872 1671 cum
1919 1601 2079 1670 vino
2122 1601 2494 1698 permixtos
2537 1618 2770 1699 cyatos
2810 1607 2908 1673 VI
2944 1601 3029 1675 ad
3067 1629 3376 1676 cornum.
3477 1608 3580 1678 Ex

456 1730 592 1801 quo
621 1704 1118 1777 medicamento
1149 1707 1345 1781 etiam
1377 1727 1503 1800 per
1541 1695 1863 1772 sinistram
1904 1725 2136 1772 narem
2158 1697 2340 1772 'duas
2384 1700 2691 1795 dragmas
2732 1700 3055 1777 infundis·
3157 1709 3338 1777 Item
3373 1705 3575 1778 aliud.

454 1807 778 1879 Stet-coris
820 1804 1085 1878 scrufini
1111 1809 1140 1848 ¹¹
1182 1806 1545 1906 puluerem
1591 1805 1964 1874 contritum
1996 1801 2498 1901 diligenterque
2528 1802 3220 1878 cribratum-studiose
3266 1804 3576 1894 seruabis,

454 1922 529 1979 vt
554 1904 603 1978 fi
644 1906 914 2004 quando
940 1911 1245 1981 iumento
1280 1908 1534 2006 ¹pituita
1577 1900 1856 1974 molesta
1905 1905 2067 1990 erie3
2127 1929 2206 1974 ex
2248 1896 2570 1977 confesto
2609 1906 2899 2004 puluere
2940 1929 3100 1976 cum
3137 1908 3298 1978 vino
3343 1909 3579 1993 veteri,

457 2024 792 2107 quantum
836 2007 1099 2082 videtur
1138 2002 1325 2110 pofl'e
1365 2002 1703 2091 sufficere,
1760 2029 1889 2103 per
1943 2028 2236 2075 cornum
2287 2002 2561 2093 deicias,
2641 2018 2712 2077 et
2754 2003 3088 2078 sanabitur
3138 2003 3372 2080 statim.
3510 2008 3582 2078 Si
3607 2022 3696 2095 20]

459 2108 644 2208 quod
670 2112 1054 2184 iumentum
1085 2108 1442 2184 cuiuslibet
1479 2108 1745 2203 generis
1786 2102 2223 2197 stranguriam
2263 2106 2549 2202 patitur,
2603 2104 2690 2177 de
2727 2101 2976 2178 sinistra
3011 2109 3273 2179 manica
3310 2109 3580 2180 tunicae

454 2210 853 2310 pediculum
895 2217 1154 2302 eximis,
1218 2236 1513 2308 eumque
1556 2211 1628 2279 in
1667 2230 1896 2278 aurern
1949 2208 2108 2304 equi
2154 2201 2480 2277 sinistram
2534 2206 2859 2294 efficies,
2926 2209 3257 2281 continuo
3308 2207 3582 2281 sanabis.

458 2309 594 2383 Sed
620 2336 778 2385 cum
804 2312 941 2387 hoc
967 2314 1201 2401 facies,
1259 2309 1652 2412 pediculum
1682 2310 1963 2380 omnino
1993 2330 2135 2378 non
2161 2309 2524 2379 nomines:
2638 2309 2708 2379 Si
2732 2307 2916 2405 quod
2962 2312 3349 2381 iumentum
3386 2305 3580 2382 musi
3607 2334 3699 2405 ης

460 2436 748 2486 coecum
772 2413 1124 2501 mordent,
1170 2429 1435 2483 acetum
1462 2433 1692 2482 acrum
1732 2404 1913 2479 bene
1954 2430 2116 2479 cum
2156 2404 2415 2480 orbita¹
2454 2406 2799 2480 infundite
2817 2461 2835 2495 ,
2897 2423 2969 2481 et
3013 2434 3174 2482 cum
3216 2408 3467 2502 subigis
3511 2425 3585 2484 et

461 2510 550 2585 fic
576 2514 794 2604 tollis,
840 2528 911 2586 et
931 2512 1092 2586 inde
1121 2538 1245 2585 acu
1271 2511 1488 2585 ferrea
1522 2510 1826 2581 morsum
1864 2505 2045 2580 bene
2089 2511 2577 2606 compungit0‚
2631 2522 2712 2581 et
2743 2509 2942 2608 supra
2981 2505 3155 2582 diaa
3196 2523 3376 2582 terra
3423 2533 3586 2583 con-

456 2613 713 2689 fricato,
812 2619 975 2687 Hoc
1000 2639 1124 2713 per
1151 2600 1451 2685 triduum
1478 2611 1681 2687 facito
1698 2666 1717 2697 ,
1764 2623 1836 2680 et
1862 2633 2078 2681 cornu
2105 2611 2385 2681 ceruino
2413 2605 2868 2702 suffumigatO.
3004 2609 3115 2682 Ad
3158 2636 3422 2682 vermes
3465 2636 3579 2684 ne·
3605 2624 3700 2693 ‘227

458 2716 707 2788 candos
731 2716 973 2814 scyllae
1001 2717 1231 2789 sucum
1256 2710 1568 2786 instillato
1599 2723 1670 2779 et
1685 2712 1848 2878 ¹pice
1878 2707 2128 2806 liquida
2151 2713 2435 2800 tangito.
2585 2714 2806 2781 Boues
2833 2706 2882 2779 fi
2911 2709 3123 2807 pedes
3165 2708 3582 2811 adtriuerint,
3613 2742 3697 2809 23

454 2821 848 2916 priusquam
872 2820 943 2888 in
983 2819 1155 2888 viam
1200 2818 1453 2898 mittas,
1495 2813 1646 2911 pice
1716 2807 1937 2906 ‘quida
1979 2834 2233 2880 cornua
2278 2811 2718 2907 perunguito.
2814 2813 3159 2882 Famicem
3187 2825 3235 2855 ¹³
3269 2807 3321 2884 fi
3360 2809 3580 2885 boues

460 2916 849 3004 habuerint,
899 2916 1029 2988 sale
1057 2931 1126 2987 et
1152 2931 1342 2987 aceto
1371 2911 1733 3002 diligenter
1757 2910 1968 2981 eluito
1994 2910 2154 3007 posa
2185 2913 2353 2985 aeris
2385 2908 2515 2982 flos
2545 2911 2922 2985 contritum
2945 2916 3394 2985 commixtum
3419 2936 3582 2989 cum

460 3023 745 3117 axungia
770 3017 883 3092 vel
909 3017 1197 3090 alumine
1224 3012 1396 3100 solo,
1442 3011 1552 3084 vel
1578 3008 1747 3105 galla
1782 3033 1944 3083 cum
1972 3009 2316 3080 allumine.
3385 3030 3396 3041 ·

535 3259 601 3333 y)
641 3254 839 3312 cineris
859 3250 1041 3317 lixiuii
1076 3260 1106 3309 s
1131 3259 1171 3309 c
1194 3259 1240 3309 Η
1263 3260 1307 3309 0
1337 3248 1452 3307 Ε’Ἰ·
1474 3258 1522 3306 ‘r
1547 3257 1609 3306 G.
1707 3246 1771 3320 z)
1801 3241 1975 3321 misce.
2057 3242 2210 3301 teris.
2266 3254 2296 3303 S
2312 3252 2412 3301 CH
2430 3251 2651 3301 OETT
2668 3252 2732 3302 G.
2845 3242 2914 3315 h)
2930 3240 3169 3319 scrofine’.
3210 3232 3582 3307 ΒΟΗΟΕΤΤὸ.

462 3330 519 3402 a)
556 3344 618 3386 et
681 3331 812 3384 dato
857 3325 1023 3381 bibat.
1098 3337 1127 3381 s
1154 3335 1193 3382 c
1222 3334 1267 3381 Η
1289 3334 1331 3381 0
1360 3332 1471 3381 ΕΤ
1496 3332 1545 3380 'r
1573 3332 1634 3378 G.
1784 3321 1848 3389 b)
1880 3331 1978 3373 aut
2056 3317 2113 3391 i)
2149 3334 2264 3372 mus
2309 3317 2407 3372 vel
2447 3316 2695 3384 caecilia,
2789 3334 2856 3372 ex
2908 3317 3227 3375 Columella
3265 3326 3335 3387 6,
3385 3339 3482 3390 17,
3533 3340 3581 3378 1.

451 3403 636 3481 semis.
711 3397 954 3457 Seniom
980 3411 1045 3456 vt
1077 3399 1202 3455 bene
1233 3394 1466 3454 valeant.
1508 3402 1834 3454 sci-1081*
1851 3402 1975 3450 TG.
2059 3400 2512 3450 SCHOETTG.
2636 3387 2770 3447 Vid.
2813 3390 2880 3448 ad
2921 3392 3062 3466 Veg.
3105 3404 3158 3462 3,
3193 3411 3286 3463 77,
3333 3413 3351 3449 1
3412 3412 3512 3450 no.
3552 3413 3589 3450 ο

467 3482 532 3547 c)
572 3471 894 3552 opopanacis.
1037 3473 1097 3546 d)
1126 3472 1250 3532 Vid-
1272 3472 1537 3548 Pelagon.
1563 3472 1745 3544 Geop.
1776 3471 1860 3532 16,
1892 3477 1975 3528 ιε.
2058 3465 2107 3535 l)
2134 3482 2250 3521 cum
2279 3478 2462 3533 crete,
2525 3482 2590 3522 ex
2635 3464 2860 3522 Colum.
2893 3470 2949 3529 6,
2981 3480 3068 3532 ι7,
3092 3470 3148 3531 6,
3220 3481 3280 3523 et
3316 3464 3405 3522 his
3441 3484 3585 3541 quae

467 3550 694 3607 Colum.
752 3554 785 3605 6
867 3558 950 3621 μ.
1027 3558 1057 3603 8
1080 3558 1122 3607 c
1150 3558 1196 3605 Η
1222 3556 1265 3606 0
1290 3557 1327 3606 Ε
1349 3557 1398 3605 'r
1422 3556 1469 3604 Τ
1496 3555 1562 3603 G.
1726 3539 1792 3612 e)
1832 3537 1978 3595 Dein
2058 3537 2397 3613 sequuntur,
2478 3550 2532 3593 et
2598 3533 2769 3613 supra
2839 3535 2985 3590 dian
3043 3549 3200 3591 terra
3265 3537 3582 3609 confricato.

455 3622 620 3701 super
644 3586 909 3693 fusniac,
954 3638 1087 3695 quae
1117 3621 1269 3691 erin,
1297 3630 1483 3686 me.
1532 3631 1587 3705 ft
1622 3632 1754 3692 qm
1778 3610 1978 3689 stlido.
2059 3620 2518 3675 senex-:Tre-
2592 3611 2674 3686 m)
2709 3608 2994 3697 nmen-qm.
3038 3619 3502 3685 senem-‘rm

463 3697 1211 3759 astte-scHOETTG.
1355 3690 1608 3769 Dansfi.
1758 3687 1981 3764 gum

1472 4222 2580 4341 &Q

2448 5054 2577 5130 <u
2613 5073 2650 5117 ι
3055 5088 3061 5098 ·
3089 5056 3095 5061 ’
3269 5052 3585 5165 AVSQ
