4942 6167
37 33 165 649 f

930 446 1258 524 AR‘rrs
1319 444 2158 525 VETERmAmAE
2220 447 2458 524 s1vE
2523 447 2838 528 MvLo
2899 457 3003 527 M.
3413 481 3554 557 303

407 636 1077 738 Tetrapharma'cum
1101 638 1151 723 ⁶¹,
1198 632 1389 733 quod
1414 633 1576 707 facit
1601 632 1686 708 ad
1716 637 1945 708 omnia
1964 634 2249 710 walnen-a
2276 635 2786 736 el'ympidanda',
2811 653 2890 711 et
2914 638 3212 714 velocius
3239 642 3554 717 curanda.
3618 662 3666 739 4

404 741 706 840 Adipem
742 740 1111 827 taurinam,
1173 760 1400 811 ceram
1424 792 1442 823 ,
1503 739 1762 834 picem,
1829 737 2082 810 oleum.
2185 741 2403 833 Igitur
2463 739 3069 829 medicamentum,
3131 742 3318 842 quod
3358 746 3557 842 supra

408 843 575 929 dixi,
627 840 1075 914 catuloticum
1100 857 1129 897 e
1172 834 1287 908 est.
1433 837 1770 925 Glicium,
1836 838 2024 937 quod
2074 837 2237 911 facit
2274 839 2361 912 ad
2403 842 2632 914 omnia
2669 842 2952 914 vulnera
2989 844 3252 917 sordida
3293 860 3368 934 et
3406 869 3556 917 can-
3623 836 3704 937 ς’

407 942 622 1017 crosa:
666 948 1075 1026 Amurcam,
1122 938 1360 1024 salem,
1412 955 1717 1010 acetum:
1796 938 1902 1010 his
1955 943 2177 1012 mixtis
2220 954 2554 1038 quantum
2597 942 2891 1015 volueris
2935 942 3018 1014 ad
3060 942 3558 1019 craffitudinem

406 1043 630 1118 mellis
656 1044 881 1115 vteris.
1038 1037 1408 1111 Officulare
1440 1040 1467 1082 f
1501 1038 2113 1127 medicamentum,
2155 1041 2340 1138 quod
2372 1040 2642 1114 facitad
2670 1048 2908 1127 omnia,
2927 1042 3228 1133 officula,
3273 1060 3345 1118 et
3374 1047 3558 1136 (dar·
3622 1065 3667 1132 6

406 1145 555 1221 seua
576 1155 608 1202 ⁸
645 1169 783 1241 quo
813 1142 987 1214 loco.
1008 1136 1269 1213 fastmn
1311 1136 1361 1210 fi
1404 1138 1861 1213 deiiciendum
1899 1142 2237 1237 volueris)
2296 1144 2525 1215 Picem
2566 1143 2616 1214 li
2663 1144 2923 1232 uidam,
2984 1150 3338 1239 axungiam
3376 1163 3560 1220 vete·

404 1270 590 1332 rem,
624 1243 1027 1336 aeruginem
1051 1241 1497 1323 benetritam
1530 1258 1604 1314 et
1642 1240 2034 1330 admixtam,
2081 1244 2262 1315 colas
2303 1242 2488 1316 bene
2527 1169 2836 1333 coliium,
2887 1244 3042 1345 post
3079 1245 3558 1321 decostionem

406 1350 608 1446 supra
637 1346 880 1444 scripta
904 1358 1158 1443 purgat
1192 1343 1478 1417 vulnera
1507 1341 1887 1435 diligenter.
2043 1346 2463 1442 Stypticum,
2509 1344 2700 1442 quod
2722 1346 2883 1419 facit
2903 1346 2989 1419 ad
3023 1351 3254 1421 omnia
3274 1349 3556 1423 vulnera
3618 1372 3666 1439 7

406 1442 759 1533 hume-sta,
808 1459 881 1516 et
907 1444 1163 1538 fungos
1194 1445 1226 1488 ἒ·
1269 1440 1711 1515 exficcandos.
1806 1445 2112 1517 Alumen
2134 1442 2432 1532 sciffum,
2455 1446 2672 1538 galias
2703 1451 3038 1537 minores,
3075 1454 3366 1522 cortices
3397 1451 3558 1522 mali

407 1550 701 1643 granati,
742 1542 1194 1621 subcorticem
1225 1543 1311 1616 de
1336 1545 1477 1644 ipsa
1501 1542 1763 1617 arbore.
1814 1546 1984 1617 haec
2006 1549 2235 1617 omnia
2261 1550 2449 1633 trita,
2502 1547 2731 1643 puluis
2769 1545 2974 1646 ipfius
3015 1549 3408 1623 vulneribus
3448 1575 3555 1622 ex·

404 1642 725 1725 fiecandi's
751 1644 943 1719 valde
971 1643 1261 1743 prodest.
1317 1700 1329 1717 ,
1408 1644 2001 1718 Medicamentum
2037 1646 2224 1744 quod
2248 1645 2409 1717 facit
2434 1644 2519 1717 ad
2549 1650 2779 1719 omnia
2813 1650 3097 1723 vulnera
3144 1649 3552 1732 claudenda:
3623 1677 3661 1746 2

406 1748 879 1835 Abfinthium,
925 1744 1069 1821 fino
1120 1745 1303 1819 idem
1321 1801 1338 1835 ,
1385 1745 1683 1844 lepidam
1711 1749 1748 1821 ἱ.
1803 1747 1973 1833 haec
1997 1751 2122 1819 tria
2172 1745 2351 1831 bene
2398 1750 2763 1821 commixta
2802 1747 3062 1823 faciunt
3101 1749 3555 1824 medicamen·

406 1865 561 1925 tum
587 1848 873 1936 siccum,
921 1772 1119 1946 quod
1145 1846 1229 1919 ad
1275 1849 1505 1920 omnia
1550 1848 1835 1921 vulnera
1876 1845 2168 1946 prodest.
2308 1844 2911 1947 Implerricum¹
2954 1850 3556 1941 medicamentum,-
3618 1888 3665 1955 9

406 1951 595 2051 qued
618 1951 780 2023 facit
808 1947 895 2022 ad
922 1951 1151 2022 omnia
1172 1973 1339 2022 caua
1362 1948 1770 2048 supplenda:
1815 1949 2152 2022 Pollinet'n
2176 1948 2396 2020 thuris
2412 2004 2430 2035 ,
2478 1950 2820 2046 pollinem
2839 1949 3037 2022 herbi
3063 1963 3137 2041 ¹¹¹,
3185 1952 3482 2052 lepidam
3509 1948 3552 2026 ἰ.

407 2056 579 2129 haec
623 2050 802 2123 bene
853 2054 1010 2124 trita
1057 2049 1636 2123 medicamentum
1686 2048 1948 2121 faciunt
1992 2048 2078 2123 ad
2137 2048 2520 2220 supplenda
2566 2049 2684 2121 vel
2728 2051 3212 2150 elympidanda
3256 2055 3552 2126 vulnera.

404 2155 515 2241 Ad
543 2153 904 2226 emiorum
932 2165 1251 2250 rupturas
1281 2168 1354 2222 et
1380 2152 1715 2225 tuniculas
1743 2150 2096 2222 seruandas
2123 2172 2252 2248 pro
2303 2145 2430 2234 est,
2478 2146 2527 2219 fi
2554 2148 2652 2222 fel
2692 2153 3044 2249 caprinum
3079 2149 3235 2225 lasti
3274 2159 3552 2252 caprino
3584 2180 3666 2230 10

407 2255 799 2339 misceatur,
838 2268 910 2323 et
930 2250 1023 2324 fic
1047 2277 1280 2350 penna
1306 2255 1505 2345 nigra
1530 2253 1715 2325 oculi
1744 2254 2176 2343 inungantur.
2278 2248 2383 2320 Ad
2418 2250 2778 2323 oculorum
2832 2249 3066 2324 album
3108 2250 3247 2325 fine
3281 2256 3554 2347 glauco·

407 2372 589 2433 mata
614 2352 707 2427 fic
732 2352 970 2429 facies:
1018 2356 1163 2426 vini
1188 2353 1503 2425 sexmrios
1528 2379 1600 2446 4,
1651 2355 1794 2445 gari
1826 2366 1857 2396 ⁸
1903 2349 2089 2424 floris
2114 2350 2469 2422 sextarium
2496 2376 2741 2438 vnum,
2785 2353 3005 2427 mellis
3054 2358 3281 2427 vncias
3313 2378 3384 2447 4,
3441 2381 3556 2454 pa-

407 2462 577 2533 rim
603 2454 920 2553 decoquis
946 2472 1021 2527 et
1044 2456 1271 2526 vteris.
1370 2451 1482 2524 Ad
1531 2466 1885 2526 recentem
1912 2464 1944 2496 ⁰
1990 2452 2335 2524 oculatam
2366 2461 2399 2509 Ρ
2440 2449 2860 2550 percussumz
2936 2456 3169 2543 Croci,
3215 2457 3555 2554 myrrhae,

408 2560 635 2633 thuris
675 2556 978 2646 masculi,
1046 2557 1341 2650 gummi,
1404 2555 1749 2637 medullae
1781 2557 2212 2639 veruecinae,
2274 2552 2621 2646 anagallici
2663 2556 2876 2643 succi,
2935 2555 3185 2643 mellis,
3246 2558 3556 2644 cardami,

407 2661 600 2735 binas
628 2660 868 2731 vncias.
1014 2656 1464 2754 Synchrisma.
1563 2661 1777 2729 Cerae
1800 2655 1990 2728 rufae
2017 2652 2323 2753 pondera
2356 2678 2415 2740 2,
2465 2659 2789 2749 axungiae
2816 2656 3124 2754 pondera
3164 2679 3248 2748 4,
3300 2683 3555 2757 opopa·
3587 2681 3661 2731 11

408 2765 589 2837 nacis
619 2763 841 2832 vncias
874 2783 948 2846 2,
996 2759 1131 2830 olei
1158 2759 1402 2829 veteris
1431 2756 1642 2853 pond.
1684 2780 1757 2843 2,
1811 2755 2076 2848 galbani
2104 2778 2254 2825 vnc.
2292 2777 2352 2848 3,
2400 2758 2720 2851 myrrhae
2747 2755 2954 2854 pond.
2998 2780 3082 2849 4,
3128 2763 3493 2831 Armeniae
3520 2769 3557 2820 (Ι

407 2860 618 2964 pond.
654 2884 717 2956 3,
771 2860 906 2933 olei
938 2861 1221 2958 Cyprini
1247 2855 1455 2955 pond.
1482 2879 1565 2948 4,
1613 2856 1951 2928 medullae
1976 2859 2291 2928 ceruinae
2329 2855 2540 2952 pond.
2576 2883 2651 2945 2,
2705 2853 2972 2954 hyss‘opi
3000 2857 3209 2954 pond.
3242 2883 3317 2945 2,
3360 2856 3562 2931 stora-

407 2966 505 3036 cis
526 2963 737 3063 pond.
776 2986 846 3054 4,
891 2962 1025 3033 olei
1068 2960 1404 3033 lentiscini
1441 2958 1752 3057 pondera
1791 2980 1859 3051 4.
2039 2955 2515 3055 Synchtisma¹
2562 2956 2647 3029 ad
2688 2957 2812 3029 alia
2854 2981 3119 3048 genera.
3272 2958 3560 3033 Galbani
3590 2980 3670 3035 12

408 3063 619 3165 pond.
655 3088 720 3151 2,
769 3064 1177 3160 opopanacis
1206 3058 1415 3155 pond.
1471 3082 1529 3144 1,
1573 3085 1767 3131 cerae
1811 3055 2020 3157 pond.
2067 3082 2152 3148 4,
2198 3054 2536 3127 medullae
2577 3060 2892 3129 ceruinae
2934 3056 3146 3155 pond.
3199 3082 3272 3153 3,
3336 3061 3560 3135 thuris

407 3166 691 3241 masculi
731 3162 947 3262 pond.
996 3185 1079 3245 2,
1142 3161 1393 3256 piperis
1437 3157 1567 3231 albi
1612 3158 1889 3260 pondus
1929 3183 1995 3245 1,
2058 3153 2314 3227 refinae
2354 3154 2858 3231 terebinthinae
2894 3156 3106 3255 pond.
3153 3180 3226 3251 3,
3289 3157 3558 3233 storacis
3617 3236 3626 3249 ,

403 3264 621 3366 pond
660 3287 727 3350 1,
768 3261 982 3359 adipis
1010 3259 1346 3331 anserinae
1381 3259 1589 3358 pond.
1618 3262 1849 3347 semia,
1902 3254 2267 3356 euphorbii
2296 3260 2519 3327 vncias
2566 3262 2633 3345 6,
2676 3257 2887 3354 adipis
2917 3257 3262 3344 leoninae,
3310 3261 3555 3348 mellis,
3655 3314 3668 3327 .

406 3363 731 3449 castorei,
773 3360 975 3432 libras
1004 3356 1323 3451 lingulas,
1354 3362 1506 3433 'olei
1538 3362 1855 3460 myrrhae
1902 3358 2016 3431 lib.
2054 3384 2129 3443 2,
2180 3357 2315 3431 olei
2354 3356 2687 3431 lentiscini
2723 3354 2934 3456 pond.
2989 3383 3066 3446 2,
3126 3357 3262 3430 olei
3303 3361 3555 3459 Syriaci

410 3465 532 3541 lib.
570 3490 635 3552 2,
690 3462 825 3533 olei
850 3464 1093 3533 veteris
1123 3458 1235 3533 lib.
1281 3488 1314 3534 2
1337 3518 1353 3549 ,
1398 3462 1534 3535 olei
1562 3463 1824 3534 mellini
1852 3459 2159 3559 pondera
2190 3483 2251 3546 2,
2284 3456 2421 3529 olei
2446 3455 2714 3530 storacis
2740 3455 2950 3557 pond.
2985 3484 3046 3545 2,
3077 3461 3216 3556 opii
3245 3460 3456 3558 pond.
3492 3486 3552 3556 3.

412 3564 738 3664 Lipparia
760 3573 784 3606 ⁸
826 3558 915 3633 fic
939 3561 1155 3643 facies.
1259 3566 1552 3662 Spumae
1582 3565 1845 3656 argenti
1873 3559 2146 3659 pondus
2184 3582 2242 3646 1,
2293 3554 2584 3630 ceruss‘ae
2611 3561 2835 3630 vncias
2872 3582 2950 3653 2,
2980 3561 3119 3633 vini
3141 3559 3451 3635 sextarios
3490 3585 3550 3655 3,
3585 3565 3664 3639 13·

410 3666 549 3741 olei
578 3656 851 3763 pondus
889 3687 947 3751 1,
977 3680 1049 3736 et
1065 3666 1279 3736 semis,
1328 3668 1559 3737 omnia
1586 3662 1934 3751 conficieS,
1984 3674 2056 3733 et
2082 3657 2171 3731 fic
2208 3660 2431 3734 vteris,
2528 3663 2611 3732 Li
2659 3661 2877 3757 paria⁸
2908 3658 3037 3729 alio
3066 3681 3319 3749 genere
3345 3659 3436 3732 fic
3459 3662 3551 3732 sa·
3583 3688 3665 3752 14

412 3770 571 3841 cies.
617 3768 942 3863 Spumam
968 3768 1251 3860 argenti,
1285 3762 1628 3852 cerufl‘am,
1660 3765 1821 3837 thus
1840 3762 2225 3849 masculum,
2256 3775 2526 3834 acemm
2551 3761 2611 3834 al
2659 3785 2800 3847 um,
2829 3758 3079 3833 oleum.
3134 3758 3303 3834 haec
3325 3764 3557 3834 omnia

410 3871 485 3940 in
511 3891 723 3940 vnum
749 3882 1082 3953 contereS,
1110 3880 1182 3938 et
1209 3892 1368 3939 eum
1394 3870 1556 3940 vino
1592 3866 1937 3938 melicrate
1967 3864 2305 3950 admisces,
2333 3879 2406 3935 et
2430 3861 2523 3935 fic
2553 3865 2781 3937 vteris.
2910 3864 3425 3934 Traumaticum
3461 3860 3556 3934 fic
3582 3888 3664 3957 ις

413 3968 649 4043 facies:
701 3958 1085 4049 chalcitidis
1116 3965 1322 4066 pond.
1352 3992 1408 4057 1,
1441 3969 1614 4066 misy
1640 3965 1849 4066 pond.
1880 3990 1909 4038 ι
1948 3966 2173 4051 semis,
2200 3966 2830 4058 aeruginiswnciam
2869 3985 2929 4048 1,
2959 3959 3264 4034 stercoris
3295 3965 3554 4037 colum-

413 4066 560 4147 bini
582 4066 773 4167 pond
801 4090 856 4156 1,
885 4066 1135 4139 adarcis
1162 4069 1384 4141 vncias
1419 4094 1454 4164 3
1492 4084 1563 4141 et
1588 4069 1938 4167 scrupulos
1974 4091 2034 4161 3.
2078 4066 2403 4162 decoquis
2428 4090 2589 4155 vna,
2627 4079 2699 4135 et
2727 4060 2816 4135 fic
2835 4065 3072 4141 ,vteris.·
3212 4069 3392 4138 Item
3419 4067 3556 4139 alio

418 4193 679 4269 genere
715 4167 799 4240 ad
841 4167 1223 4263 flegmonaa
1252 4177 1275 4214 ³
1314 4169 1692 4247 tollendas:
1758 4170 2019 4271 Sinapis
2068 4165 2511 4245 Alexandrini
2561 4189 2714 4246 vnc-
2758 4170 2825 4254 6,
2883 4163 2996 4240 fici
3042 4163 3247 4239 Afrae
3292 4193 3441 4239 vnc.
3491 4189 3556 4260 3,

3175 4286 3558 4364 ‚magma

487 4454 549 4529 d)
584 4450 758 4513 Aliud
783 4450 1312 4526 ‘tetrapharmacum
1328 4454 1945 4536 docetur-Hipp.Ruell.
2014 4454 2178 4533 floris
2215 4453 2338 4514 edd.
2430 4450 2763 4513 Emendatio
2816 4453 3000 4511 nostra
3043 4450 3315 4518 modesta,
3372 4440 3558 4537 spero}
3657 4526 3662 4529 Ἴ

406 4536 462 4605 p.
494 4534 620 4585 116.
705 4525 763 4596 e)
796 4525 869 4581 ita
908 4524 1064 4584 ausus
1106 4529 1226 4584 sum
1266 4547 1540 4603 reponere
1576 4554 1679 4619 pro
1720 4535 1943 4590 cautoe.
2029 4530 2331 4588 videbitur.
2405 4528 2541 4584 ‘Flos
2577 4526 2717 4600 gari
2766 4528 2838 4585 est
2873 4528 3047 4598 γᾰδρον
3092 4528 3322 4599 κρατῶν
3383 4530 3552 4608 Aegi-

415 4602 533 4661 vid.
573 4600 691 4658 lnd.
730 4599 969 4684 catolon-
1031 4601 1330 4660 Caeterum
1373 4603 1528 4661 omiti
1570 4625 1947 4692 importunam
2030 4620 2211 4665 netae.
2276 4599 2373 4660 vel
2413 4602 2664 4693 optimam
2705 4598 3013 4690 columellae
3056 4606 3133 4689 ⁶⁹...
3153 4612 3240 4671 38,
3279 4618 3328 4656 a.
3385 4599 3552 4684 ‘Dio-

414 4669 817 4805 ξ’ἒὶἕῗὲἓῗῗὲᾰ
864 4672 1143 4822 §51¹3ssss
1168 4678 1949 4811 Ξῖἲῗῖἕῑςῖἑῖῗληῖἷὶῖῖἒῗ
2027 4678 2192 4809 {fil-'Iis
2220 4679 2732 4825 wemma.
2756 4698 2958 4817 mi)
2979 4680 3151 4803 ³2:111·
3216 4675 3558 4817 <zi-{2322}

415 4819 600 4878 ticum.
709 4816 769 4889 f)
795 4814 866 4875 fic
901 4819 1120 4893 reposui
1166 4840 1273 4905 pro
1328 4822 1638 4882 monstroso
1750 4829 1942 4884 oclaere.
2027 4823 2184 4902 qnod
2245 4820 2343 4898 qui
2404 4820 2708 4899 intelligit,
2776 4819 3234 4879 emendationem
3305 4819 3552 4879 nostram

415 4892 474 4970 g)
507 4893 668 4949 locus
707 4908 999 4965 corruptus
1090 4911 1178 4951 cui
1221 4894 1562 4953 medicinam
1605 4898 1696 4956 fru
1740 4920 1798 4956 ra
1837 4902 1945 4958 cir·
2025 4897 2417 4974 reprehendat.
2570 4900 2645 4971 p)
2683 4896 2947 4951 oculorum
2975 4893 3186 4950 malim.
3380 4892 3404 4964 )
3439 4897 3554 4948 Ar-

415 4964 705 5052 cumspexi.
744 5032 758 5051 ὁ
797 4964 860 5033 h)
891 4964 966 5027 ita
992 4931 1174 5039 ὧτίρίῖ
1198 4987 1301 5042 pro
1314 4969 1538 5042 song-os.
1616 4970 1672 5041 i)
1698 4971 1845 5030 forte
1870 4975 1942 5028 le·
2022 4972 2227 5030 monice
2253 4970 2376 5029 edd.
2527 4989 2555 5026 r
2698 4964 3081 5052 chrisma-om.
3122 4966 3177 5022 S.
3220 5036 3235 5053 0
3320 4910 3463 5037 gli
3493 4984 3557 5020 a-

405 5039 555 5115 ptda.
634 5037 677 5107 1)
705 5037 921 5095 videtur
957 5040 1292 5125 legendum,
1322 5041 1678 5178 &aleton-ium
1698 5064 1719 5096 .·
1773 5046 1942 5099 Certe
2023 5064 2117 5100 ras
2140 5045 2361 5109 malim,
2397 5058 2546 5098 certe
2625 5040 2807 5117 spat-ia.
2878 5036 3138 5097 Diuersae
3164 5035 3395 5111 Ltparae
3451 5057 3556 5097 unt

411 5111 567 5171 fauet
586 5126 995 5188 argumentum.
1071 5115 1156 5190 m)
1182 5116 1299 5181 hoc
1431 5114 1568 5177 erus‘.
1606 5140 1621 5151 ·
1649 5115 1716 5193 n)
1747 5114 1943 5175 Gar-io·
2020 5116 2293 5197 Hippiae.
2321 5114 2507 5175 Ruen.
2525 5126 2584 5191 p.
2616 5120 2738 5182 116,
2762 5113 2812 5171 b.
2898 5111 2955 5187 t)
2990 5130 3094 5189 pro
3118 5110 3476 5189 phlegmonas.

3190 5212 3255 5285 u)
3287 5219 3552 5268 tramae.
