4942 6167
1667 405 2656 522 FEBRVARIVs
3435 371 3624 524 ⁸„

478 600 656 684 funt,
705 596 927 667 maior
946 603 1015 664 et
1036 589 1282 664 minor.
1332 586 1448 665 sed
1480 591 1711 666 minor
1738 597 1982 670 melius
2011 593 2391 672 deflorescit
2427 615 2500 674 et
2529 601 2726 674 citius
2742 656 2761 690 ,
2808 602 3212 680 internodiis
3241 606 3621 684 minoribus

476 713 551 770 et
578 722 790 790 grano
828 695 1155 768 breuiore.
1208 689 1260 763 fi
1306 691 1528 765 arbori
1585 696 1995 793 applicetur,
2046 700 2382 797 pinguem
2420 717 2708 790 ωτι-ειυς
2760 701 2810 776 fi
2857 706 3139 784 colatur.
3162 711 3236 781 in
3282 709 3554 783 ordinet
3581 707 3626 797 ἰ,

474 798 891 884 mediocrem
919 792 1267 868 desiderat.
1314 791 1569 866 imbres
1598 801 2002 887 contemnit,
2053 814 2127 870 et
2167 815 2447 873 ventos:
2496 827 2655 874 nam
2699 808 2916 877 maior
2954 809 3151 907 saepe
3181 813 3458 882 vitiatur
3483 811 3516 858 k
3543 814 3617 883 in

478 899 661 971 flore.
791 901 968 968 Sunt
1007 909 1080 966 et
1116 897 1422 991 Apianae
1455 892 1471 939 ¹
1503 900 1926 996 praecipuae.
2012 900 2180 971 Satis
2212 898 2305 984 est
2338 899 2736 994 genera'ista
2755 905 3072 990 ¹Pdixifl‘e:
3122 908 3481 984 industrius
3514 915 3617 986 vir
3680 908 3724 983 5

469 995 753 1099 probata
778 996 1052 1089 deligat,
1103 1012 1174 1096 9²
1199 998 1395 1066 terris
1442 995 1685 1069 talibus
1710 999 2005 1085 mandet,
2057 1025 2230 1096 quae
2273 1004 2520 1074 imitari
2564 1027 2676 1075 eas
2705 1005 2958 1102 poffint
2996 1007 3176 1080 vnde
3217 1012 3611 1086 sumunturt

468 1097 557 1171 fic
578 1098 1299 1195 merita'suajquaeque
1327 1094 1634 1169 seruabit.
1730 1099 1865 1170 Sed
1899 1103 2110 1171 vitem
2134 1101 2245 1173 vel
2286 1101 2599 1174 arborem
2627 1106 2871 1178 melius
2899 1110 3028 1179 erit
3051 1099 3140 1179 de
3165 1111 3317 1182 exili
3355 1113 3439 1185 ad
3461 1116 3613 1210 pin·

466 1224 677 1294 guem
704 1197 1088 1272 transferre.
1105 1222 1263 1268 nam
1288 1194 1335 1270 fi
1362 1222 1400 1267 a
1426 1199 1667 1294 pingui
1696 1212 1873 1270 terra
1886 1199 1972 1271 ad
2002 1199 2224 1273 solum
2252 1203 2421 1274 exile
2463 1202 2860 1295 tranfierint,
2877 1208 3077 1280 vtiles
3092 1206 3224 1281 effe
3238 1237 3382 1284 non
3409 1229 3612 1312 pote.

464 1316 631 1374 runt
656 1313 711 1370 ¹¹.
822 1296 1151 1392 Eligenda
1175 1298 1335 1369 sunt
1369 1299 1717 1387 sarmenta,
1768 1323 1942 1397 quae
1970 1303 2331 1398 pangimus
2351 1359 2369 1391 ‚
2423 1302 2510 1375 de
2553 1307 2690 1376 vite
2734 1306 2989 1396 media,
3041 1335 3271 1407 neque
3312 1311 3398 1384 de
3429 1294 3606 1386 sum·-

460 1428 573 1494 rna
599 1426 827 1498 neque
842 1401 929 1471 de
954 1397 1205 1487 infima,
1233 1400 1537 1497 quinque
1549 1400 1656 1471 vel
1672 1401 1778 1472 sex
1790 1423 2215 1493 gemmarum
2246 1403 2458 1499 spatio
2486 1409 2746 1477 aveteri
2763 1408 3205 1504 procedentia
3219 1423 3275 1499 ⁰,
3293 1416 3608 1509 quianon

462 1502 663 1576 facile
708 1501 1159 1593 degenerant,
1224 1523 1396 1596 quae
1436 1500 1524 1571 de
1568 1500 1735 1572 locis
1786 1500 2032 1572 talibus
2074 1503 2591 1577 transferuntur.
2664 1506 3012 1580 sumantur
3059 1525 3291 1588 autem
3333 1513 3420 1584 de
3462 1518 3600 1598 vite
3667 1510 3713 1577 6

464 1600 820 1676 foecunda.
872 1624 1101 1697 neque
1126 1609 1452 1698 ‘putemus
1483 1599 1755 1672 brachia
1801 1597 1932 1672 effe
1960 1599 2221 1688 fertilia,
2276 1628 2448 1701 quae
2473 1631 2634 1678 vuas
2660 1604 2951 1700 singulas
2992 1625 3109 1682 aut
3139 1611 3400 1692 {binas
3447 1637 3606 1713 pro-

467 1703 746 1790 ducunt,
799 1702 916 1775 sed
941 1725 1113 1798 quae
1138 1701 1354 1771 multa
1380 1697 1689 1772 vbertate
1721 1716 2108 1774 curuantur.
2158 1727 2317 1775 nam
2348 1702 2576 1803 potest
2601 1705 2780 1778 ferax
2822 1711 2976 1780 vitis
3025 1710 3382 1784 feraciores
3421 1716 3495 1785 in
3535 1716 3601 1787 se

464 1804 717 1878 habere
742 1805 1051 1874 materias
1082 1813 1133 1872 ⁹.
1233 1803 1379 1873 Erit
1406 1817 1477 1873 et
1504 1801 1642 1874 hoc
1676 1799 1946 1895 signum
1984 1801 2363 1891 fatuitatis,
2412 1802 2459 1878 fi
2504 1805 2590 1876 de
2629 1805 2802 1881 duro
2844 1809 3067 1907 aliquo
3108 1811 3265 1888 loco
3300 1811 3605 1887 frustum

465 1905 737 1994 citabit,¹
780 1900 831 1975 si
864 1902 1061 1975 foetu
1087 1901 1479 2002 impleuerit
1503 1902 1802 1975 ramulos
1829 1930 1909 1975 ex
1938 1906 2071 1975 ima
2098 1921 2293 2002 parte
2320 1907 2692 1998 surgentes.
2794 1910 2929 1980 Sed
2972 1911 3110 1983 hoc
3135 1910 3337 2006 {ignis
3364 1913 3598 2013 positis
3661 1925 3710 1993 7

456 2025 590 2108 per
616 1997 985 2080 vindeinias
1029 2001 1125 2075 est
1164 2002 1564 2076 notandum.
1659 2003 1771 2077 Ad
1814 2003 2259 2104 pangendum
2311 2007 2625 2079 nouellus
2662 2009 2921 2108 palmes
2964 2010 3169 2084 debet
3212 2015 3403 2108 eligi,
3451 2017 3602 2088 duri

458 2112 531 2182 in
559 2109 627 2181 se
648 2107 824 2179 nihil
854 2104 1107 2178 habens
1136 2119 1209 2176 et
1238 2108 1483 2191 veteris
1512 2106 1843 2195 sarmenti,
1862 2109 2019 2204 quia
2046 2107 2183 2177 hoc
2207 2108 2642 2205 putrescente
2672 2110 2871 2208 saepe
2897 2119 3375 2213 corrumpitur.
3409 2122 3602 2189 Sum-

458 2236 573 2283 ma
594 2208 861 2303 flagella
885 2205 1323 2306 repudiemus
1351 2231 1429 2277 ac
1453 2207 1788 2286 surculos:
1843 2210 1960 2305 qui
1989 2207 2153 2278 licet
2185 2206 2370 2282 bono
2414 2208 2570 2281 loco
2601 2213 2744 2280 nati
2784 2208 2948 2300 sint,
2997 2228 3228 2285 tamen
3258 2214 3601 2289 feracitate

460 2325 840 2384 caruerunt.
941 2309 1401 2406 Pampinarius
1445 2312 1564 2406 qui
1603 2307 1688 2379 de
1738 2308 1913 2380 duro
1944 2318 1969 2351 ¹
2006 2309 2329 2396 nascitur,
2384 2311 2592 2380 etiam
2620 2307 2692 2390 ‚fi
2738 2311 3040 2383 attulerit
3080 2311 3341 2385 frustus
3373 2326 3416 2404 ⁸,
3451 2342 3600 2415 -pro
3665 2332 3701 2402 8

464 2412 787 2505 frugifero
821 2436 965 2484 non
996 2408 1091 2482 est
1116 2407 1513 2507 ponendus:
1570 2412 1641 2481 in
1671 2410 1791 2482 suo
1823 2412 2009 2481 enim
2046 2411 2204 2481 loco
2234 2409 2692 2481 foecundatur
2733 2437 2771 2481 a
2799 2429 3048 2499 matre,
3099 2415 3457 2488 translatus
3488 2443 3601 2489 ve-

459 2543 546 2588 ro
573 2529 759 2586 tenet
794 2510 1153 2585 sterilitatis
1184 2507 1442 2598 vitium,
1491 2510 1677 2609 quod
1702 2509 2016 2584 nascendi
2045 2509 2441 2583 conditione
2476 2511 2779 2610 suscepit.
2851 2517 3075 2612 Caput
3100 2516 3414 2588 sarmenti
3437 2542 3600 2592 cum

460 2616 851 2715 deponitur‚·
890 2609 1353 2710 torquendum
1386 2635 1529 2684 non
1556 2609 1668 2699 est,
1717 2637 1848 2683 nec
1882 2613 2109 2710 aliquo
2138 2611 2349 2686 modo
2379 2621 2400 2657 ⁸
2429 2611 2842 2700 vexandum,
2888 2638 2978 2684 ne
3007 2625 3041 2658 ¹³
3086 2613 3384 2690 demersa
3404 2620 3598 2716 peni-

451 2732 563 2790 tus
590 2709 1039 2788 foecundiore
1065 2728 1275 2812 parte,
1329 2711 1514 2810 quod
1542 2710 1744 2785 sterili
1821 2717 2161 2785 roximum
2188 2711 2302 2800 est,
2358 2713 2555 2812 supra
2599 2729 2850 2784 terram
2889 2714 3343 2814 relinquatur:
3412 2717 3598 2791 d'ein·

454 2817 542 2891 de
569 2819 937 2915 quoniam¹
966 2815 1104 2912 ipsa
1128 2828 1391 2885 tortura
1417 2817 1677 2886 vexatio
1706 2840 1745 2885 e
1823 2843 1838 2884 :
1893 2830 1965 2887 et
1990 2821 2145 2912 pars
2176 2840 2252 2886 ea
2281 2813 2369 2886 de
2399 2840 2535 2910 qua
2575 2814 2757 2885 radix
2777 2814 3048 2909 [futura
3062 2820 3119 2904 Y]
3136 2820 3599 2917 praesumitur,

450 2922 731 2991 iniuriae
757 2917 927 2989 nulli
953 2913 1360 2990 subiicienda
1391 2912 1502 2999 est,
1553 2939 1713 2987 cum
1746 2926 1774 2958 ²
1809 2940 1943 3013 qua
1970 2915 2388 2987 contendere
2431 2931 2719 3006 cogatur
2745 2931 2905 2987 ante
2935 2913 3137 3015 quain
3171 2936 3422 2993 teneat.
3468 2924 3593 2992 Po-

447 3020 713 3093 nendae
755 3019 910 3091 sunt
936 3021 1103 3088 vites
1141 3012 1415 3113 placidis
1450 3013 1686 3088 diebus
1717 3027 1924 3088 ac’te
1974 3015 2119 3102 ielis,
2136 3015 2650 3113 curandumque
2681 3041 2769 3088 ne
2795 3017 3124 3090 sarmenta
3152 3021 3289 3092 sole
3318 3037 3597 3094 vrantur

450 3138 569 3194 aut
593 3134 827 3208 vento,
876 3118 991 3192 sed
1024 3116 1137 3189 vel
1172 3114 1390 3188 statim
1418 3133 1783 3214 ponantur,
1833 3043 2228 3189 vefobruta
2264 3118 2710 3189 reseruentur.
2813 3122 2983 3190 Hoc
3003 3121 3252 3209 mense,
3299 3148 3375 3192 ac
3408 3121 3594 3194 deine
3651 3138 3701 3208 9

450 3248 612 3321 ceps
652 3236 806 3293 toto
832 3243 1006 3307 vere,
1060 3221 1256 3289 vinea
1286 3217 1609 3316 ponenda
1648 3216 1745 3288 est
1780 3216 2175 3310 regionibus
2202 3217 2481 3310 frigidis,
2524 3215 2878 3316 pruinosis,
2921 3219 3292 3319 pinguibus
3321 3226 3595 3323 campk,

452 3327 524 3397 et
552 3320 850 3394 humidis
879 3317 1262 3418 prouinciis.
1366 3321 1466 3389 Sit
1499 3335 1729 3390 autem
1753 3319 2068 3391 mensura
2092 3319 2405 3390 sarmenti
2433 3319 2702 3390 cubitus
2734 3344 2927 3408 ugnus.
3029 3321 3166 3392 Vbi
3193 3325 3469 3420 pinguis
3498 3319 3594 3398 est

448 3438 701 3495 natura
722 3413 1058 3508 terrarum,
1088 3423 1345 3502 maiora
1371 3421 1551 3504 inter
1575 3422 1747 3494 vites
1771 3421 1979 3518 spatia
2005 3418 2509 3516 relinquemus;
2557 3417 2670 3490 vbi
2697 3419 2898 3508 exilis,
2924 3420 3198 3514 angusta
3226 3422 3612 3496 nonnullib.

455 3526 687 3621 itaque
714 3524 785 3592 in
808 3524 885 3593 iis
916 3521 1177 3612 vitibus,
1232 3543 1396 3617 quas
1427 3534 1580 3591 toto
1607 3522 1749 3592 solo
1778 3517 2107 3617 pastinato
2143 3518 2532 3616 disponunt,
2577 3534 2811 3590 ternos
2843 3520 3053 3616 pedes
3082 3526 3263 3592 inter
3299 3520 3591 3615 singulas

449 3627 624 3700 vites
642 3625 1151 3725 quoquouersus
1166 3619 1541 3694 dimittunt.
1555 3621 1689 3693 Sed
1714 3620 1852 3694 hoc
1880 3643 2137 3714 genere
2163 3615 2505 3691 diuifionis
2521 3619 2891 3710 iniugerali
2911 3619 3140 3692 tabula
3164 3638 3596 3719 pangenturc

3461 3727 3588 3798 tria

645 3897 695 3968 i)
733 3898 791 3954 t'n
816 3897 1001 3953 ordine
1022 3895 1083 3954 Β.
1126 3897 1294 3955 bene.
1404 3894 1464 3967 12)
1504 3893 1721 3970 inflare
1745 3927 1875 3943 --—-
1912 3889 2109 3968 dia-{ffb
2141 3911 2251 3950 om.
2281 3894 2347 3952 P.
2492 3891 2541 3967 l)
2564 3890 2686 3950 Se'nt
2711 3904 2768 3947 et
2790 3892 2896 3969 Ap.
2916 3891 3004 3966 E„
3122 3892 3203 3965 m)
3230 3891 3314 3970 :⁶831
3342 3897 3389 3953 1.
3430 3896 3491 3953 B.
3517 3897 3585 3957 R.

442 3970 515 4043 n)
539 3970 761 4049 peffunt
787 3973 953 4045 Lngd.
980 3974 1040 4027 E.
1058 3973 1103 4027 J.
1120 3973 1180 4030 B.
1205 3974 1268 4031 R.
1386 3972 1445 4043 o)
1461 3970 1804 4045 procedentia
1823 3972 1985 4044 Lngd.
1999 3971 2046 4024 Ι.
2062 3969 2127 4024 Β.
2145 3971 2206 4024 R.
2240 3969 2331 4024 Cr.
2350 3967 2557 4044 proc-id.
2594 3965 2815 4039 reliqui.
2889 3971 2949 4040 p)
2969 3977 3066 4020 aut
3092 3966 3244 4021 binas
3275 3988 3386 4026 om.
3413 3971 3586 4045 Lugd.

442 4063 577 4103 mox
635 4064 733 4102 ue
772 4065 883 4102 om.
914 4047 974 4101 Ε.
1057 4044 1118 4118 q)
1132 4044 1464 4114 feraciorem
1489 4044 1774 4100 materiam
1804 4046 1863 4101 E.
1878 4061 2008 4100 mox
2032 4041 2266 4115 instgnis
2295 4053 2350 4118 p.
2459 4041 2509 4113 r)
2540 4040 2753 4111 desta-co
2784 4042 2843 4096 E.
2948 4042 2999 4110 s)
3025 4038 3250 4111 fruHus
3286 4062 3399 4101 om.
3417 4043 3588 4119 Lugd.

447 4120 595 4178 Bm
632 4160 645 4175 .
673 4120 865 4176 attulit
886 4121 947 4176 Ε.
962 4136 1094 4174 mox
1109 4131 1210 4192 pro
1224 4118 1407 4192 fruge
1426 4135 1531 4172 non
1546 4115 1631 4193 (st
1644 4132 1703 4205 p.
1817 4122 1862 4189 t)
1902 4133 2045 4172 more
2069 4117 2233 4188 Lugd.
2246 4114 2507 4171 BartbAE.
2587 4124 2651 4184 u)
2690 4130 2756 4167 ne
2782 4112 3068 4187 demersum
3094 4115 3254 4190 Lugd.
3268 4133 3362 4171 nec
3383 4120 3587 4176 demer-

473 4210 510 4248 ι
543 4192 762 4268 reliqui.
803 4191 920 4250 vid.
938 4194 1123 4264 Mor-g.
1156 4193 1205 4256 I,
1227 4204 1317 4255 επ.
1420 4197 1479 4261 x)
1509 4209 1757 4265 quonum
1785 4209 1897 4248 om.
1934 4187 1981 4245 J.
2006 4190 2069 4246 B.
2090 4191 2155 4245 R.
2171 4188 2558 4263 (πάλλει-ξεί.
2588 4188 2650 4242 E.
2779 4186 3021 4259 >futura
3046 4207 3158 4244 om.
3185 4181 3382 4254 Barth,
3412 4194 3581 4267 Lnga,

490 4266 587 4323 inc
610 4286 642 4323 a
663 4267 829 4322 radix
840 4265 1050 4339 farma
1073 4297 1201 4310 ——-—
1227 4263 1425 4320 modice
1452 4265 1662 4320 humido
1683 4263 1797 4339 fido
1825 4264 1887 4322 in
1917 4261 2031 4320 fine
2052 4262 2250 4319 omnia
2274 4261 2473 4319 desunt
2498 4260 2564 4316 in
2591 4256 2695 4316 Ms-
2711 4204 2778 4316 ἔ
2888 4269 2949 4332 z)
2981 4278 3097 4316 cum
3118 4279 3225 4337 qua
3251 4297 3380 4314 --
3400 4279 3587 4327 teneat

446 4359 563 4399 om.
575 4341 640 4400 Ρ.
748 4339 803 4412 a)
827 4359 893 4395 ac
914 4339 1106 4415 tepidis
1136 4355 1245 4395 om.
1260 4339 1452 4395 Barth.
1581 4339 1642 4412 b)
1679 4337 1839 4394 Nulli
1860 4340 1907 4393 I.
1920 4339 2066 4412 328.
2082 4337 2263 4411 itaque
2276 4353 2393 4392 om.
2410 4335 2578 4407 Lugd.
2701 4335 2756 4405 c)
2778 4345 3067 4409 pengemns
3086 4338 3156 4394 P.

438 4497 708 4557 Putabam
748 4489 1065 4572 prosefflone
1099 4496 1355 4554 vitiorum
1378 4492 1703 4577 fignificnre,
1744 4507 1972 4571 propter
2053 4493 2173 4550 lum
2199 4501 2466 4566 appareat.
2504 4491 2667 4550 Plura
2692 4489 2925 4548 Palladii
2953 4490 3079 4553 loca
3103 4492 3257 4554 dabit
3277 4494 3452 4557 Index
3472 4515 3578 4562 no-

440 4569 597 4636 vitia,
672 4587 775 4626 uae
816 4569 1067 4627 indicant
1110 4570 1174 4629 in
1212 4570 1265 4627 se
1305 4574 1432 4631 effe.
1510 4574 1586 4627 lta
1601 4569 1747 4626 Plin.
1779 4575 1867 4640 36,
1897 4575 1964 4625 26
2051 4566 2157 4626 ster
2181 4565 2245 4623 in
2274 4568 2471 4623 Fateor
2500 4582 2555 4623 et
2582 4565 2850 4640 confiteor.

439 4643 482 4702 f.
530 4651 598 4714 σς
684 4642 804 4699 elus
855 4643 1036 4699 amnis
1076 4661 1182 4699 non
1218 4643 1328 4715 nist·
1360 4646 1542 4722 refujb
1591 4641 1739 4698 mari
1771 4659 1967 4696 arenas
3631 4711 3638 4718 ι

438 4716 661 4780 fatetur
696 4717 754 4772 h.
794 4734 842 4772 e.
871 4715 1076 4775 habere
1120 4717 1176 4774 se
1219 4719 1478 4776 ostendit.
1557 4718 1627 4774 Et
1670 4734 1757 4789 27,
1796 4733 1824 4771 2
1852 4715 1889 4770 s.
1930 4731 1961 4772 a
2122 4732 2180 4787 9,
2222 4724 2255 4776 8
2290 4715 2400 4774 Ne
2474 4720 2861 4772 DEMERSA
2932 4716 3327 4792 PENl'rvs)
3363 4720 3580 4797 Legen-

442 4789 763 4867 Torpefiune
776 4788 1077 4878 scorpiones
1096 4790 1302 4846 aconiti
1322 4794 1486 4859 talla,
1506 4793 1824 4866 stupentque
1844 4787 1964 4864 pal·
2047 4786 2183 4843 dum
2199 4825 2217 4853 ,
2259 4804 2324 4842 ne
2365 4787 2602 4859 demersa
2648 4801 2753 4843 etc.
2767 4802 2828 4842 vt
2866 4786 3012 4844 Clar.
3053 4790 3398 4879 Morgagnus
3425 4794 3580 4851 casti.

439 4864 635 4931 tentes,
672 4876 730 4921 et
750 4862 901 4917 vinc:
965 4882 994 4917 e
1019 4867 1353 4940 confitentur.
1427 4867 1486 4922 lt.
1522 4886 1575 4937 9,
1603 4882 1669 4933 57
1698 4862 1733 4918 s.
1775 4875 1835 4935 83
1863 4879 1963 4936 go·
2047 4860 2217 4936 gauit,
2258 4861 2413 4936 quod
2443 4878 2499 4919 et
2526 4860 2666 4919 ratio
2703 4859 2817 4932 ipsa
2866 4861 3039 4919 docet
3057 4880 3115 4922 et
3141 4866 3390 4925 Vaticani
3418 4867 3579 4923 codi-

440 4938 633 5004 tiones,
697 4953 800 4991 non
828 4935 892 4989 ni
967 4938 1280 5011 patinarum
1306 4940 1484 4996 calore
1509 4938 1728 4993 vitalem
1765 4951 1962 4993 motum
2045 4951 2139 4990 ces
2169 4945 2263 4993 Po
2280 4946 2444 4993 ΝΤΕ
2461 4946 2525 4992 ι).
2603 4936 2792 4990 Tanto
2823 4936 3014 4992 minus
3052 4939 3303 4999 dubitaui
3324 4940 3471 4996 hanc
3495 4940 3579 4993 le-

426 5009 709 5083 satentes‚
751 5010 809 5065 h.
830 5029 879 5065 e.
908 5011 1086 5085 glacie
1110 5012 1186 5069 ita
1211 5013 1478 5088 rigentes,
1502 5029 1566 5069 vt
1593 5008 1691 5065 nifi
1718 5028 1849 5066 cnm
1874 5010 1960 5066 iu·
2042 5005 2296 5065 &ionem
2327 5009 2591 5084 recipere,
2605 5025 2734 5067 cum
2750 5006 3400 5090 consentiatcol.3‚18‚a
3418 5009 3578 5067 cuius

434 5101 501 5153 te
521 5082 750 5151 feruido
777 5085 1213 5162 pen-nnuman,
1238 5088 1395 5150 vitae
1415 5084 1635 5167 fignum
1655 5081 1720 5146 in
1741 5082 1959 5148 iimul-
2031 5080 2159 5145 loci
2182 5082 2280 5145 hic
2320 5084 2397 5144 est
2421 5083 2684 5159 epitome·
3295 5174 3354 5228 ⁹,
3393 5167 3434 5229 5
3467 5163 3576 5214 m-
3609 5085 3614 5094 ’
