4942 6167
1177 430 1324 522 246
2004 413 2473 491 vEGETu
2577 414 2768 486 LIB.
2814 413 2975 486 1η.-
3062 413 3287 488 cAPs
3320 415 3454 491 1v.

1188 615 1453 688 hircino
1479 610 1627 712 pari
1649 602 1957 710 pondere
1981 601 2162 677 ferro
2192 597 2511 674 candenti
2538 596 2934 674 stillantibus
2964 613 3237 674 curatur
3251 659 3269 690 ,
3322 616 3395 675 et
3419 596 3818 701 perducitur
3842 595 3927 675 ad
3957 600 4323 675 sanitatem.

1084 735 1166 786 12
1194 720 1262 790 Si
1289 717 1550 807 sanguis
1577 714 1651 783 in
1673 711 1984 790 interiori
2007 720 2204 806 parte
2230 704 2523 797 vngulae
2553 699 2681 790 est,
2731 725 2871 775 neo*
2898 717 3284 801 aperturam
3324 705 3514 793 facit,
3554 707 3627 776 e't
3665 720 3936 777 tantum
3998 701 4327 775 claudicat
4386 703 4425 784 3

1193 817 1466 904 animal,
1518 828 1813 887 extrema
1835 806 2036 908 ipfius
2062 804 2354 898 vngulae
2383 802 2467 875 ad
2506 805 2740 876 viuum
2783 806 3205 895 resecantur,
3255 821 3325 880 et
3369 810 3463 879 ita
3512 809 3915 894 remittitur,
3962 830 4042 877 ac
4086 802 4332 904 stuppa
4406 823 4419 838 ‘

1191 919 1305 992 vel
1335 918 1628 994 linteolis
1658 937 1818 988 cum
1841 910 1974 987 sale
2018 922 2091 979 et
2117 907 2288 1010 *oleo
2329 920 2523 978 aceto
2562 903 2793 978 infusis
2837 933 2964 1007 pes
3001 909 3354 981 inuolutus
3396 908 3655 1007 spartea
3681 919 3705 954 ¹
3743 910 4069 980 munitur.
4172 911 4330 978 Me·

1196 1020 1372 1093 diam
1400 1033 1562 1091 vero
1587 1015 1913 1111 vngulam
1938 1009 2021 1083 ab
2047 1008 2348 1081 inferiori
2374 1007 2736 1106 parte'non
2763 999 3036 1108 expedit
3063 1013 3339 1108 aperiri,
3391 1008 3512 1082 niss
3546 1034 3633 1082 eo
3683 1009 3838 1093 loco
3879 1012 3952 1082 in
3988 1033 4129 1107 quo
4171 1008 4331 1107 sup-

1088 1127 1165 1195 13
1193 1124 1463 1224 puratio
1488 1114 1660 1192 fasta
1688 1114 1799 1188 est.
1896 1116 1965 1184 Si
1992 1109 2317 1182 claudicat
2351 1134 2431 1180 ex
2466 1109 2706 1182 dolore
2735 1136 3141 1201 neruorum,
3185 1111 3341 1184 oleo
3375 1126 3447 1183 et
3473 1112 3603 1184 sale
3630 1135 3856 1205 genua
3886 1110 4329 1211 poplitesque
4387 1129 4436 1197 4

1197 1238 1271 1296 et
1294 1248 1488 1295 crura
1515 1214 1944 1291 confiicanda
1971 1214 2129 1287 sunt
2156 1223 2181 1258 ⁸
2219 1211 2436 1283 calido
2478 1226 2704 1301 aceto,
2758 1228 2829 1283 et
2868 1213 2988 1284 lini
3027 1215 3257 1306 semen
3308 1228 3428 1286 aut
3470 1214 3733 1285 milium
3778 1213 4107 1285 detritum
4149 1209 4327 1283 infu-

1194 1325 1481 1420 sumque
1510 1345 1681 1419 aqua
1707 1317 1922 1391 mulsa
1942 1311 2443 1414 imponendum
2471 1311 2598 1402 est,
2642 1329 2713 1384 et
2740 1315 3019 1413 spongia
3051 1341 3327 1413 quoque
3356 1313 3653 1388 feruenti
3680 1341 3852 1414 aqua
3879 1314 4096 1386 infusa
4124 1328 4195 1384 et
4222 1337 4330 1383 ex·

1194 1420 1437 1523 pressa,
1496 1421 1846 1520 conspersa
1890 1442 1982 1490 ue
2019 1413 2459 1516 postmodum
2496 1416 2737 1503 melle,
2808 1414 3094 1508 genibus
3141 1415 3599 1489 circumdatur
3633 1442 3711 1489 ac
3753 1416 3965 1489 fasciis
4004 1414 4330 1508 alligatur.
4446 1412 4470 1428 “

1087 1533 1169 1602 14
1195 1525 1407 1609 Quod
1439 1521 1486 1596 fi
1517 1524 1772 1596 humor
1801 1444 1897 1593 ea
1927 1537 2098 1592 cum·
2116 1532 2422 1604 tumore,
2469 1516 2893 1590 fermentum
2918 1519 3029 1591 vel
3059 1518 3270 1591 farina
3288 1517 3671 1596 ,hordeacea
3699 1541 3780 1590 ex
3806 1514 3990 1617 passo
4017 1532 4137 1589 aut
4162 1540 4334 1612 aqua

1083 1615 1106 1640 ²
1193 1628 1407 1700 mulsa
1431 1621 1697 1699 incofh
1719 1624 2131 1721 imponitur,
2183 1635 2254 1690 et
2300 1643 2459 1690 cum
2494 1621 2939 1706 maturauerjt
2978 1620 3052 1692 su
3103 1623 3404 1720 putatio,
3451 1618 3775 1694 scinditur
3815 1620 4029 1708 ferro,
4081 1614 4333 1691 emissa·

1091 1726 1169 1794 ¹5
1198 1729 1538 1829 que-sanie
1565 1728 1679 1815 (vt
1704 1725 1902 1823 supra
1928 1723 2324 1815 docuimus)
2355 1737 2775 1819 percuratur.
2870 1646 3336 1815 'PoteRetiam
3364 1721 3546 1794 radix
3588 1719 3714 1793 lilii
3753 1722 3863 1795 vel
3911 1719 4143 1820 squilla
4171 1743 4333 1791 cum
4393 1765 4441 1832 ς

1179 1831 1360 1922 sale,
1410 1829 1521 1902 vel
1545 1825 1758 1899 herba
1782 1823 2178 1918 sanguinalis
2226 1825 2252 1912 (
2270 1848 2476 1921 quam
2506 1825 2915 1922 polygonon
2938 1835 2975 1868 ¹¹
3017 1823 3263 1897 Graeci
3303 1823 3690 1923 appellant)
3742 1825 3857 1896 vel
3897 1820 4336 1909 marrubium,

1195 1932 1380 2005 ferro
1410 1944 1641 2029 aperta
1665 1929 1908 2002 sanare.
2009 1927 2252 1997 Omnis
2286 1941 2516 1997 autem
2558 1927 2862 2023 corporis
2894 1924 3127 2015 dolor,
3174 1924 3222 1997 fi
3264 1924 3405 1998 fine
3451 1926 3734 2004 vulnere
3782 1922 3913 2013 est,
3956 1945 4195 1997 recens
4234 1922 4338 1994 fo·
4425 2005 4437 2028 ὃ

1198 2034 1447 2106 mentis
1481 2031 1773 2105 mellinis
1801 2037 1832 2073 ¹
1872 2021 2253 2100 discutitur:
2306 2042 2505 2100 vetus
2535 2041 2777 2116 autem,
2800 2029 3050 2116 vritur,
3097 2043 3168 2099 et
3197 2028 3394 2126 supra
3416 2027 3667 2100 vulnus
3691 2028 3800 2101 vel
3828 2026 4180 2125 butyrum,
4227 2023 4341 2099 vel
4416 2045 4443 2069 ᾗ

1090 2117 1171 2181 ¹⁶
1199 2137 1470 2234 caprina
1495 2131 1848 2205 instillatur
1881 2131 2214 2222 axungia,
2280 2131 2548 2200 Scauies
2582 2141 2614 2189 Y
2661 2129 2926 2202 sanatur
2968 2131 3132 2202 trito
3176 2130 3335 2201 allio
3379 2128 3731 2202 defricata:
3794 2127 4196 2227 Eodemque
4237 2151 4341 2198 re-

1196 2235 1424 2308 medio
1456 2230 1700 2328 rabiosi,
1720 2233 1900 2304 canis
1922 2231 2200 2304 sanatur
2227 2231 2490 2303 morsus
2519 2240 2582 2318 ²,
2627 2231 2739 2303 vel
2765 2232 2987 2331 lupini
3009 2230 3256 2304 vulnus
3284 2231 3564 2304 illatum.
3666 2239 3884 2306 Vetus
3916 2251 4195 2331 quoque
4222 2227 4340 2303 sal-

1196 2339 1574 2412 samentum
1615 2349 1986 2433 vtramque·
2008 2330 2412 2433 perhibetur
2501 2333 2719 2425 lagam
2763 2358 3013 2405 curare.
3115 2333 3227 2405 Ad
3269 2334 3556 2407 scabiem
3597 2359 3876 2434 quoque
3924 2334 4340 2434 praesentior

1198 2437 1535 2511 medicina
1583 2434 1702 2508 ista
1738 2432 1865 2508 est:
1938 2430 1988 2504 fi
2028 2434 2252 2507 cunila
2277 2448 2304 2477 ²¹
2349 2431 2447 2506 bu
2494 2434 2609 2507 ula
2651 2433 3070 2535 sulphurque
3118 2439 3528 2525 conteritur,
3593 2435 4022 2536 admixtaque
4046 2429 4343 2536 ‘myrrha

1176 2559 1356 2613 'cum
1390 2540 1544 2612 oleo
1573 2552 1778 2635 atque
1806 2549 2000 2609 aceto
2044 2533 2485 2634 decoquitur,
2532 2550 2605 2608 et
2632 2559 2792 2608 cum
2820 2537 3168 2636 tepescere
3210 2541 3551 2638 coeperit,
3600 2540 3876 2612 alumen
3919 2533 4179 2611 sciffum
4226 2536 4341 2606 tri-'-

1197 2657 1349 2714 tum
1377 2639 1786 2739 inspergitur
1811 2637 1876 2708 ¹²:
1931 2637 2118 2736 quod
2145 2638 2718 2710 medicamentum
2750 2639 3085 2711 candente
3114 2651 3143 2686 ⁶
3182 2641 3328 2714 sole
3352 2641 3675 2715 illinitum
3704 2631 3992 2742 prodeff.
4085 2637 4342 2712 Vlceri‘
4393 2684 4439 2734 2

1094 2729 1175 2798 ¹7
1198 2742 1326 2815 bus
1356 2741 1681 2835 gallarum
1709 2743 2021 2811 tritarum
2048 2739 2277 2836 puluis
2304 2739 2730 2837 inspergitur.
2831 2744 3095 2824 Succua
3116 2766 3393 2841 quoque
3423 2742 3745 2816 marrubii
3787 2739 4145 2842 impositus
4178 2764 4341 2812 cum

1200 2843 1490 2935 fuligine
1525 2842 1722 2913 sanat.
1818 2836 2065 2910 Infesta
2086 2835 2119 2881 ‘¹
2156 2836 2359 2937 pestis
2391 2836 2487 2911 est
2517 2836 2850 2913 bubulino
2868 2852 2896 2885 ²
2921 2845 3157 2940 pecori
3192 2846 3439 2942 (quam
3465 2847 3883 2940 coriaginem
3913 2841 3940 2890 f
3972 2840 4197 2917 rustici
4222 2867 4344 2914 vo·

1198 2950 1396 3038 cant)
1440 2966 1598 3015 cum
1627 2940 1824 3039 pellis
1854 2942 1949 3010 ita
1975 2936 2172 3011 dorso
2202 2937 2468 3028 haeret,
2493 2954 2571 3012 vt
2592 2941 3012 3040 apprehensa
3039 2943 3348 3017 manibus
3372 2944 3622 3021 deduci
3646 2973 3790 3020 non
3817 2943 4023 3048 poffit
4046 2972 4085 3018 a
4113 2941 4343 3017 costis:

1107 3055 1120 3070 ‘
1199 3069 1382 3146 quae
1405 3069 1515 3116 res
1549 3068 1690 3116 non
1717 3042 1911 3114 aliter
1936 3039 2179 3113 accidit
2204 3065 2408 3140 quam
2437 3038 2487 3113 fi
2519 3040 2644 3113 bos
2677 3067 2759 3113 ex
2798 3044 3131 3137 languore
3159 3046 3384 3145 aliquo
3422 3050 3507 3121 ad
3534 3052 3819 3122 maciem
3865 3042 4195 3121 dedustus
4231 3042 4344 3134 est,

1091 3215 1110 3223 -
1199 3162 1319 3221 aut
1344 3144 1584 3220 sudans
1608 3147 1679 3216 in
1710 3167 1923 3242 opere
1950 3152 1981 3201 ⁸
2018 3141 2329 3215 faciendo
2358 3141 2673 3239 refriguit
2702 3145 2752 3242 ξ’,
2770 3159 2898 3246 Δειιη
2924 3142 2973 3216 fi
3006 3146 3225 3245 lapsus
3253 3145 3374 3221 sub
3404 3174 3618 3236 onere
3646 3152 4096 3224 vehementer
4124 3144 4221 3220 est
4244 3151 4346 3219 in-

1094 3239 1172 3310 18
1199 3247 1384 3322 fusus
1411 3250 1486 3322 in
1513 3247 1763 3345 pluuia.
1810 3267 1984 3343 quae
2016 3239 2465 3343 quandoquei
2512 3248 2889 3343 perniciosa
2929 3247 3118 3337 sunt,
3174 3247 3509 3326 custodire
3552 3252 3911 3342 debemus,
3949 3266 4044 3341 vt,
4073 3275 4231 3323 cum
4258 3247 4341 3322 ab
4395 3298 4436 3366 3

1198 3373 1412 3449 opere
1437 3346 1764 3424 redierint
1787 3344 2005 3419 boues
2035 3341 2660 3419 adhuc‘aestuantes
2703 3348 3269 3448 anhelantesque,
3313 3354 3474 3427 vino
3517 3356 3985 3455 aspergantur,
4032 3368 4104 3427 et
4130 3348 4344 3424 offula

1195 3454 1390 3553 panis
1414 3452 1575 3522 vino
1600 3446 1811 3521 infusa
1832 3443 2137 3520 faucibus
2161 3472 2404 3521 eorum
2429 3447 2762 3522 inferatur
2791 3448 2842 3521 k.
2946 3452 3158 3532 Quod
3173 3451 3221 3524 fi
3251 3453 3673 3553 praediaum
3695 3459 3938 3529 vitium
3968 3454 4341 3542 inhaeserit,

1200 3549 1478 3651 expedit
1504 3549 1887 3649 decoquere
1918 3549 2216 3639 laurum,
2267 3563 2341 3621 et
2365 3575 2527 3622 cum
2555 3550 2765 3624 calida
2793 3568 2866 3623 et
2894 3554 3050 3624 oleo
3080 3569 3151 3625 et
3180 3547 3339 3626 vino
3369 3558 3627 3657 spinam
3657 3559 4070 3658 dorsumque
4090 3558 4341 3629 anima·

1195 3655 1278 3726 lis
1306 3651 1677 3726 confricare
1705 3669 1942 3726 contra
1970 3652 2222 3752 pilum,
2269 3677 2349 3725 ac
2374 3678 2502 3752 per
2531 3678 2773 3724 omnes
2815 3668 3040 3750 partes
3072 3657 3587 3755 apprehendere
3612 3661 3905 3759 pellem,
3952 3674 4025 3731 et
4070 3658 4260 3730 velut
4302 3682 4343 3728 a

1092 3752 1175 3819 19
1198 3751 1394 3829 costis
1423 3754 1741 3855 separare.
1840 3751 2052 3836 Quod
2078 3755 2295 3825 autin
2321 3753 2480 3824 loco
2510 3749 2899 3824 calidiffimo
2928 3754 3318 3829 faciendum
3350 3757 3446 3830 est
3465 3814 3482 3846 ,
3527 3775 3647 3833 aut
3686 3759 3805 3834 sub
3838 3761 4002 3833 diuo
4041 3760 4183 3835 sole
4210 3757 4343 3831 fer-

1067 3877 1084 3898 ‘-
1196 3873 1422 3932 vente.
1521 3851 1916 3954 Aliquanti¹
1955 3853 2142 3925 feces
2172 3865 2226 3898 ¹¹²
2265 3855 2406 3925 vini
2430 3868 2505 3925 et
2545 3855 2893 3947 axungiae*
2914 3858 3389 3947 commiscent,
3442 3885 3665 3966 eoque
3707 3863 4209 3936 medicamento
4244 3876 4344 3933 te-

1087 3945 1176 3996 20
1196 3957 1361 4059 pido
1387 3952 1542 4055 post
1566 3955 1958 4030 fomentum
1991 3948 2415 4053 praedistum
2451 3969 2757 4027 vtuntur.
2859 3953 2975 4029 Est
2998 3968 3034 4003 ¹¹
3072 3961 3280 4032 etiam
3323 3964 3545 4054 grauis
3587 3968 3957 4064 pernicies,
3996 3979 4075 4038 vt
4099 3975 4134 4010 0
4181 3985 4342 4036 cum

1198 4057 1563 4160 pulmones
1606 4058 2107 4144 exulcerantur,
2167 4052 2355 4127 vn'de
2406 4051 2592 4127 tuffis
2633 4069 2709 4129 et
2748 4060 3030 4149 macies,
3094 4057 3179 4134 ad
3223 4061 3540 4136 vltimum
3578 4091 3741 4141 vero
3787 4063 4023 4168 phtisis
4062 4063 4343 4153 inuadit,

1199 4183 1376 4258 quae
1412 4174 1715 4232 mortem
1738 4153 2041 4230 afferant.
2071 4168 2103 4218 P
2154 4154 2336 4227 radix
2362 4152 3055 4249 consiliginisssuccus
3085 4165 3274 4262 porri
3309 4169 3669 4240 omnium‘i
3701 4169 3978 4241 hemina
4000 4192 4129 4268 per
4152 4191 4342 4240 men·
4386 4181 4395 4188 '

1094 4262 1174 4312 ²1
1201 4262 1423 4336 suram
1453 4261 1592 4332 olei
1618 4260 1971 4347 miscetur,
2020 4272 2092 4329 et
2125 4254 2403 4330 bibendi
2445 4257 2605 4332 sunt
2641 4283 2803 4331 cum
2842 4264 2983 4335 vini
3022 4263 3300 4336 sextario
3342 4291 3470 4365 per
3506 4269 3654 4344 dies
3694 4271 4045 4369 plurimos.
4139 4271 4342 4343 Non-
4395 4303 4443 4355 2

1201 4385 1561 4463 nunquam
1594 4376 1666 4434 et
1689 4373 1923 4437 tumor
1945 4357 2150 4463 palati
2182 4356 2498 4438 ciborum
2518 4355 2856 4439 fastidium
2878 4362 3067 4458 facit,
3111 4365 3564 4477 crebrumque
3595 4373 3967 4480 suspiritun.
4065 4367 4343 4444 Prodest

1399 4537 1410 4544 -
1975 4553 1982 4562 ,
2740 4539 2787 4588 3.
3582 4485 3587 4492 “
3628 4561 3635 4568 ,
4037 4473 4345 4576 palatum

1275 4609 1342 4659 τ’
1505 4601 1964 4663 αεᾶᾶ..ενὶᾶ.
2064 4626 2099 4662 o
2168 4606 2319 4675 .II,
2407 4646 2426 4665 .
2606 4651 2621 4668 .
2722 4653 2739 4671 .
3129 4660 3147 4676 .
3434 4621 3522 4646 ’··
4321 4654 4346 4668 .

1201 4675 1277 4761 ja)
1296 4599 1612 4751 gomvarn
1637 4675 1765 4733 edd.
1794 4602 1818 4676 )
1844 4603 2192 4750 κγωελίξιιεΐξὶ
2210 4608 2307 4738 Ml
2339 4607 2622 4770 uorgtgg(
2630 4628 2743 4755 1¹12
2818 4615 3070 4764 ῗιιιιέἕζῖῗ
3090 4618 3212 4752 ξὶᾶ.
3220 4619 3496 4779 {ig-'gg
3496 4644 3609 4771 ¹137,
3626 4625 3823 4780 1εέὣὲ
3874 4635 4345 4776 εξῐνὲοἷιεῐῗαὲἓεεῖε

1207 4747 2738 4899 35,gmcffiffigffgggfgffiossugeggssu·agsffm
3095 4763 3371 4863 scemur-
3393 4779 3446 4833 ⁸·
3466 4779 3551 4836 M·
3579 4776 3956 4835 00¹¹·12011m
3972 4789 4026 4828 θ’
4042 4768 4279 4855 Μετ’·

1099 4873 1110 4880 ’
1211 4903 1338 4982 gag.
1366 4895 1477 4958 ΙΙΙ,
1493 4859 1582 4962 27.
1632 4898 1696 4952 ln
1711 4913 1883 4974 marg.
1913 4902 2095 4962 Samb.
2132 4919 2265 4968 erat,
2281 4848 2742 4982 ftaesb'iglfiaebiglrss
2821 4838 3322 4993 tgtffiohassf't’l)
3349 4851 3395 4978 2)
3405 4837 4345 4999 ,ρῖπῖψ-ῗοὲῗὶηῖβᾈωξὲηῇῗ

1209 4980 1357 5023 treta
1377 4985 1495 5024 cnm
1518 4985 1627 5026 etc.
1701 4969 1761 5041 z)
1786 4973 1995 5028 morbus
2021 4973 2148 5034 edd.
2220 4978 2274 5048 a)
2302 4979 2558 5035 camalam
2577 4979 2738 5037 bubu-
2822 4986 2902 5056 m)
2918 4984 3113 5058 fraces
3138 4991 3263 5048 vitio
3289 4999 3543 5072 Morgag.
3558 4997 3664 5063 111,
3682 5005 3770 5070 19.
3845 4997 3915 5068 n)
3935 4993 4034 5055 sic
4060 5009 4129 5049 ex
4166 4993 4222 5047 S.
4249 4991 4338 5045 M.

1208 5040 1318 5096 hm
1343 5042 1470 5098 edd.
1501 5041 1841 5131 Yid·09¹·²²
1862 5047 2046 5124 Morg.
2146 5050 2208 5121 b)
2239 5053 2372 5139 (qno
2397 5067 2642 5141 ungatur
2663 5056 2745 5112 ad
2820 5061 3041 5119 Colum.
3057 5070 3109 5131 6,
3133 5083 3215 5138 14,
3237 5072 3598 5136 amoram,
3614 5087 3704 5127 20.
3740 5073 3933 5131 Etcum
3952 5069 4076 5125 edd.
4151 5061 4346 5137 o)·for·

1197 5112 1362 5189 fidem
1373 5116 1649 5189 fortem)
1683 5118 1784 5176 ms.
1813 5122 1874 5178 S.
1950 5122 2007 5192 c)
2033 5126 2308 5181 caudeam
2347 5125 2444 5182 olet
2469 5127 2592 5186 edd.
2615 5130 2732 5189 vid.
2820 5150 2876 5192 te
2901 5131 3013 5203 illa,
3038 5157 3170 5194 cum.
3252 5145 3313 5215 p)
3338 5119 3495 5214 (Εἶτ’)
3525 5142 3630 5202 ins.
3657 5145 3710 5203 S.
3807 5149 3871 5219 q)
3901 5141 4076 5217 instar
4102 5137 4343 5194 heminae

1207 5187 1436 5252 Colum.
1451 5208 1509 5251 et
1533 5192 1717 5270 Morg.
1798 5194 1863 5271 d)
1885 5192 2113 5312 Peffim(
2123 5200 2178 5260 S.
2191 5199 2277 5260 M.
2349 5203 2409 5279 e)
2433 5202 2735 5266 bubalunF.
2809 5209 2947 5288 pari
2966 5209 3240 5293 mensurae
3250 5232 3329 5298 ‘ex
3341 5216 3466 5279 Col.
3477 5218 3667 5300 Morg.
3714 5221 3823 5282 Pro
3855 5215 4081 5277 omnium
4113 5210 4341 5347 suspigl-
