4942 6167
1349 378 1488 543 ,δὲ
2051 492 2062 503 ,
2208 392 2743 509 ΡΑιιΑ-ωῑ
2794 436 3015 509 LIB.
3063 439 3189 515 x1.
3260 439 3482 509 TIT.
3525 440 3740 519 xw.

1349 630 1624 736 probari
1660 626 1858 725 gust’u
1887 622 2090 727 ipsius
2124 625 2399 723 poterit.
2506 622 2735 695 Omne
2765 619 3065 697 mustum
3104 606 3398 721 decoqui
3442 620 3700 711 iubent,
3744 621 3973 701 donec
3989 620 3999 629 ’
4015 650 4168 727 pars
4210 616 4375 705 eius'
4402 630 4505 703 vi·-

1355 733 1604 830 gefima
1651 730 1851 832 poffit
1891 728 2179 801 absumi:
2235 727 2481 798 melius
2518 750 2796 822 quoque
2838 721 3003 813 fieri,
3050 722 3101 795 fi
3150 723 3586 797 centesimam
3629 743 3896 826 partem
3924 744 3955 791 Ρ
3986 729 4179 829 gypsi
4216 730 4498 804 adiicias.

1357 835 1881 909 Lacedaemonii
1902 857 2092 915 νει-ο,ι
2136 829 2435 927 eousque
2469 827 2891 925 decoquere,
2936 828 3158 899 donec
3190 830 3329 899 vini
3372 831 3608 925 quinta
3647 854 3801 928 pars
3845 848 4110 931 pereat,
4154 850 4227 907 et
4259 848 4501 930 quarto

1359 964 1538 1011 amno
1577 934 1798 1008 vsibus
1856 930 2242 1004 ministrare.
2353 935 2576 1003 Suaue
2631 932 2869 1003 vinum
2906 927 2992 998 de
3030 927 3200 1000 duro
3246 927 3394 1001 fieri
3441 928 3723 1018 docent,
3781 929 3832 1003 si
3877 934 4180 1006 ordeacei
4222 936 4499 1032 pollinis

1361 1038 1647 1139 cyathos
1678 1049 1710 1098 ‘¹
1740 1035 1912 1108 duos
1946 1031 2140 1104 fimul
2166 1034 2512 1103 cum’vino
2541 1025 2846 1103 subastos
2877 1033 3102 1101 mittas
3150 1033 3223 1101 in
3251 1034 3394 1103 vini
3424 1033 3724 1120 vasculo,
3766 1048 3838 1104 et
3878 1036 4046 1107 hora
4085 1032 4216 1108 vna
4243 1034 4337 1107 ibi
4366 1030 4500 1106 effe

1261 1166 1270 1175 ·
1357 1143 1649 1248 patiaris,
1741 1138 1969 1233 Aliqui
2015 1132 2195 1206 feces
2236 1136 2377 1205 vini
2417 1131 2630 1205 dulcis
2674 1131 3057 1207 admiscent.
3160 1133 3391 1232 Aliqui
3418 1145 3441 1178 ³
3467 1132 3727 1206 addunt
3771 1134 4196 1233 glycyrhizae
4223 1148 4247 1182 ⁸
4287 1133 4501 1211 ficcae

1363 1239 1874 1339 aliquantulum,
1928 1250 2000 1306 et
2024 1252 2327 1320 vtuntur,
2367 1259 2533 1305 cum
2563 1233 2678 1306 diu
2703 1236 3012 1307 vasorum
3041 1237 3512 1307 commotione
3540 1237 3947 1311 miscuerint.
4047 1241 4305 1311 Vinum
4334 1263 4501 1334 quo-

1121 1356 1125 1375 ¹
1235 1393 1239 1396 «
1356 1334 1500 1443 ‘que
1528 1345 1704 1412 intra
1727 1350 1748 1383 ³
1772 1363 2026 1438 paucos
2069 1336 2209 1408 dies
2240 1338 2490 1435 optimi
2521 1334 2748 1408 odoris
2778 1332 2976 1423 effici,
3028 1333 3339 1408 fibaccas
3375 1341 3584 1435 myrti
3621 1335 3893 1431 agrestis
3951 1356 4327 1424 montanaS,
4382 1334 4506 1409 fic-

1235 1456 1292 1529 “,
1364 1470 1472 1516 cas
1509 1458 1580 1513 et
1604 1442 1828 1514 tunsas
1868 1440 2092 1510 mittas
2118 1442 2188 1510 in
2219 1436 2482 1524 cadum,
2532 1454 2603 1508 et
2634 1437 2871 1509 decem
2908 1435 3145 1509 diebus
3187 1440 3606 1535 requiescere
3636 1442 3933 1537 patiaris:
3989 1455 4157 1512 tunc
4198 1439 4384 1510 coles
4428 1452 4504 1510 et

1363 1547 1583 1617 vtaris.
1688 1544 1862 1613 Vitis
1906 1543 2108 1611 etiam
2146 1538 2347 1612 flores
2379 1536 2750 1611 arbustiuae
2776 1535 3100 1611 collestos
3129 1542 3201 1610 in
3228 1538 3464 1617 vmbra
3502 1538 3747 1611 ficcare
3786 1541 4063 1612 curabis.
4159 1545 4371 1611 Tunc
4406 1538 4504 1611 di-

1365 1648 1665 1738 ligenter
1702 1643 1936 1714 tunsos
1966 1656 2039 1712 et
2086 1656 2309 1714 cretos
2350 1639 2630 1714 habebis
2676 1643 2747 1712 in
2774 1642 3039 1714 vasculo
3082 1666 3311 1729 nouo,
3367 1656 3438 1713 et
3479 1666 3641 1713 cum
3680 1644 4014 1731 volueris,
4063 1641 4279 1721 tribus
4323 1638 4503 1712 cadis

1365 1772 1571 1823 vnam
1615 1744 1800 1816 floris
1844 1743 2256 1831 mensuram,
2324 1769 2531 1842 quam
2559 1754 2594 1786 ¹¹
2637 1745 2789 1842 Syri
2846 1745 3247 1815 choenicam
3272 1755 3301 1791 ¹
3354 1760 3631 1830 vocant,
3686 1742 3973 1830 adiicies,
4019 1759 4091 1814 et
4129 1742 4501 1841 superlines

1371 1848 1651 1932 dolium,
1702 1862 1774 1918 et
1802 1847 1976 1919 sexta
1998 1847 2110 1917 vel
2136 1846 2417 1944 septima
2443 1842 2553 1916 die
2579 1848 2835 1942 aperies
2871 1862 2942 1916 et
2970 1848 3191 1918 vteris.
3237 1848 3496 1918 Vinum
3527 1844 3669 1917 fieri
3700 1845 3783 1916 ad
3828 1840 4197 1944 potandam
4240 1844 4442 1916 suane
4468 1854 4505 1903 Y

1364 1954 1461 2022 ita
1489 1949 1758 2020 dicunt:
1818 1947 2172 2020 Foeniculi
2221 1949 2330 2019 vel
2392 1947 2708 2019 satureiae
2747 1944 3171 2040 fingulorum
3212 1960 3611 2040 ‘congruum'
3656 1946 3944 2019 modum
3983 1951 4146 2018 vino
4184 1946 4504 2038 immergi

1366 2068 1571 2149 atque
1597 2047 1869 2136 turbati,
1886 2049 1990 2121 vel
2026 2043 2321 2120 frustum
2349 2073 2554 2145 quem
2583 2046 2754 2119 duae
2794 2073 3003 2120 nuces
3030 2051 3271 2146 pineae
3350 2048 3758 2135 roduxerint‚
3802 2045 4241 2121 torrefastum
4280 2061 4355 2118 et
4380 2049 4506 2118 lin·

1365 2168 1484 2225 teo
1527 2153 1814 2243 ligatum
1844 2153 2026 2221 mitti
2067 2153 2137 2220 in
2178 2151 2464 2237 vasculQ
2521 2174 2597 2221 ac
2646 2151 3026 2248 superliniri
3051 2162 3096 2239 ²,
3148 2166 3220 2221 et
3258 2075 3398 2221 viiii
3438 2147 3566 2221 ess'e
3614 2153 3913 2248 quinque
3957 2148 4192 2222 diebus
4239 2144 4501 2220 exaffis.

1365 2257 1624 2326 Vinum
1658 2268 1885 2323 autem
1917 2265 1942 2294 ²
1989 2251 2180 2322 velut
2203 2269 2396 2323 vetus
2430 2247 2608 2321 effici
2634 2251 2718 2321 de
2749 2252 3048 2338 nouello,
3100 2249 3148 2323 fi
3176 2250 3528 2350 amygdala
3555 2277 3795 2339 amara,-
3841 2249 4267 2336 absinthium,
4294 2253 4437 2348 pini
4470 2245 4504 2294 b

1366 2352 1676 2447 frugiferi
1717 2354 2008 2445 gumen,
2058 2351 2344 2425 foenum
2386 2354 2729 2425 Graecum
2772 2350 2971 2428 simul
3013 2352 3279 2448 frangas
3310 2367 3336 2398 ⁰
3377 2368 3710 2451 quantum
3763 2349 4068 2426 sufficere
4127 2350 4502 2438 aestimaris,

1307 2514 1318 2529 .
1361 2454 1440 2528 et
1457 2460 1706 2554 pariter
1730 2455 2006 2541 tundas,
2057 2470 2128 2523 et
2168 2480 2247 2524 ex
2277 2456 2381 2524 his
2411 2455 2976 2550 vnum.cyathum
3004 2481 3132 2551 per
3180 2456 3579 2551 amphoram
3610 2460 3854 2544 mittaS,
3909 2472 3981 2526 et
4007 2451 4038 2499 ‘¹
4081 2479 4325 2547 magna
4347 2455 4504 2525 vina

1369 2556 1712 2629 conficies.
1816 2559 1884 2626 Si
1927 2578 2090 2623 vero
2140 2554 2414 2626 senseris
2457 2572 2848 2650 peccatura,
2897 2555 3061 2626 huic
3117 2552 3534 2629 confestioni
3592 2558 3805 2641 aloen,
3848 2557 4215 2655 myrrham,
4271 2579 4505 2627 croco·

1367 2683 1655 2751 magma,
1713 2653 1973 2749 singula
2003 2653 2222 2725 modis
2248 2653 2635 2754 aequalibus
2666 2668 2693 2700 ‘⁸
2716 2656 2908 2729 tunsa
2959 2672 3030 2727 et
3056 2659 3126 2727 in
3170 2657 3529 2754 puluerem
3561 2653 3822 2728 redasta
3850 2684 4009 2730 cum
4038 2660 4244 2731 melle
4273 2658 4507 2729 misce·
4556 2721 4560 2725 4

1367 2757 1491 2846 bis,
1540 2774 1612 2828 et
1662 2783 1799 2827 vno
1834 2755 2089 2855 cyatho
2129 2781 2342 2853 vnam
2376 2757 2778 2853 amphoram
2819 2756 3098 2827 condire
3140 2755 3417 2829 curabis.
3517 2759 3934 2832 Anniculum
3964 2787 4239 2859 quoque
4268 2762 4507 2830 vinum

1364 2873 1441 2932 vt
1468 2856 1498 2903 f
1532 2859 1813 2949 longam
1840 2854 2147 2927 simulare
2174 2854 2487 2935 videatur,
2506 2872 2815 2943 aetatem,
2866 2857 3152 2929 meliloti
3178 2861 3443 2931 vnciam
3480 2885 3697 2946 Vnam,
3738 2863 4173 2960 glycyrhizae
4234 2864 4506 2934 meiasss

1363 2974 1540 3051 tres,
1597 2956 1787 3032 nardi
1814 2957 2037 3031 celtici
2065 2955 2489 3047 tantundem,
2542 2958 2722 3034 aloes
2751 2961 3042 3062 epatiees
3076 2956 3106 3002 ¹²
3134 2964 3358 3036 vncias
3401 2960 3566 3035 duas
3612 2962 3842 3036 tundis
3881 2966 3897 3008 ³
3927 2980 3998 3038 et
4020 2968 4236 3038 cernis
4256 3019 4274 3050 ,
4323 2978 4393 3034 et
4433 2964 4510 3033 in

3006 3088 3013 3105 “
4222 3066 4511 3139 sextariis

1529 3237 1592 3315 p)
1609 3251 1826 3314 partem
1854 3257 1970 3295 om.
1991 3242 2053 3298 E.
2082 3238 2248 3295 bene.
2266 3254 2397 3295 mox
2427 3238 2863 3297 Lacedaemonios
2891 3242 2954 3298 E.
3073 3238 3137 3316 q)
3159 3254 3348 3314 quator
3361 3241 3524 3316 lagae
3544 3239 3640 3299 hic
3668 3240 3794 3319 ets.
3812 3259 3862 3311 7.
3884 3242 4054 3298 Cados
4082 3244 4143 3302 E.
4161 3258 4291 3299 mox
4312 3239 4508 3295 ibidem

1359 3312 1471 3389 eſj'e
1490 3328 1546 3389 p.
1664 3315 1714 3387 r)
1749 3313 1938 3401 Aliqui
1960 3345 2059 3358 --
2082 3310 2384 3386 mist-aerim
2417 3333 2530 3370 om.
2548 3315 2615 3370 P.
2627 3315 2751 3371 Atii
2777 3317 2833 3371 Ε.
2941 3315 2990 3387 s)
3008 3315 3331 3393 ξζγσίνίάίᾳε
3355 3318 3406 3372 I.
3434 3319 3496 3373 B.
3516 3318 3580 3372 R.
3610 3316 3704 3374 hic
3729 3334 3787 3375 et
3810 3319 3879 3374 al.
3900 3319 4065 3389 Lugd.
4112 3315 4207 3390 qui
4236 3334 4362 3371 mox
4379 3314 4506 3385 gly-

1360 3388 1616 3444 curidiae.
1760 3391 1803 3457 t)
1834 3401 1988 3442 mera
2016 3386 2184 3458 Lugd.
2211 3383 2358 3439 inter
2392 3387 2615 3461 reliqui.
2728 3390 2790 3458 u)
2818 3408 2975 3462 quam
3008 3419 3103 3435 ·-—
3134 3403 3332 3445 vocant
3374 3409 3486 3447 om.
3525 3392 3589 3447 Ρ.
3738 3395 3796 3463 x)
3823 3388 4158 3446 Sirichinict‘ae
4188 3391 4247 3444 E.
4292 3386 4516 3449 chiniaci·

1358 3464 1409 3518 Ῑ.
1439 3464 1503 3523 Β.
1537 3465 1599 3519 R.
1679 3463 1734 3518 K
1717 3460 1934 3533 ynicam
1962 3461 2133 3535 Lagd,
2175 3458 2439 3514 ebena-am
2468 3463 2518 3516 1.
2541 3464 2577 3517 Ι
2597 3476 2725 3507 -’·--
2749 3464 2815 3518 G.
2856 3482 3014 3537 quam
3053 3462 3327 3535 Syriacam
3351 3478 3548 3521 vocant
3591 3466 3684 3522 Cr.
3787 3467 3849 3540 y)
3888 3480 3944 3520 v.
3955 3465 4018 3535 f.
4037 3463 4283 3539 optimum
4307 3476 4362 3518 et
4374 3459 4508 3537 sua-

1356 3554 1429 3593 ve
1461 3536 1627 3591 -itae
1652 3538 1837 3591 docent
1855 3536 1913 3590 E.
2020 3538 2081 3606 z)
2098 3529 2364 3608 super-lini
2386 3536 2447 3591 Ε.
2564 3536 2620 3602 a)
2652 3551 2829 3591 autem
2856 3557 2971 3594 om.
2993 3539 3058 3594 P.
3169 3540 3229 3613 b)
3250 3538 3371 3613 pini
3385 3539 3594 3613 gummi
3604 3540 3829 3610 ¹foemcm
3844 3556 4101 3611 graecum
4133 3541 4178 3593 J.
4209 3539 4271 3593 Β.
4298 3539 4363 3592 R.
4384 3532 4509 3611 pini

1345 3627 1624 3685 gammam
1651 3622 1706 3664 et
1717 3608 2075 3681 fenugrecum
2107 3608 2200 3664 Cr.
2234 3626 2335 3679 pro
2349 3626 2550 3682 gumen
2591 3610 2756 3667 habet
2769 3609 2951 3685 fimen
2983 3610 3151 3685 Lugd.
3254 3613 3310 3684 c)
3321 3612 3509 3684 fricas
3534 3614 3624 3671 Cr.
3662 3613 3832 3684 Lugd.
3853 3612 4054 3684 frigas
4094 3613 4156 3668 E.
4189 3630 4318 3668 mox
4348 3606 4506 3683 aestl-

1353 3702 1473 3740 ,ηας
1580 3684 1641 3753 d)
1665 3696 1721 3738 et
1739 3698 1936 3756 magna
1950 3716 2047 3729 -—
2066 3681 2278 3738 curabis
2304 3701 2416 3737 om.
2435 3685 2499 3740 P.
2614 3692 2672 3750 e)
2689 3683 2908 3760 fingula
2918 3686 3152 3758 fingatis
3178 3686 3478 3761 aequaliter
3509 3689 3569 3742 E.
3680 3686 3717 3743 f
3717 3688 3741 3756 )
3777 3702 3882 3739 non
3894 3688 3962 3742 P.
3987 3687 4083 3742 vel
4091 3686 4257 3758 Lugd.
4325 3687 4382 3758 g)
4401 3699 4506 3736 vn-

1351 3756 1467 3817 σίας
1493 3778 1604 3816 om.
1618 3760 1687 3817 P.
1805 3757 1865 3829 h)
1887 3755 2115 3833 epatius
2126 3755 2291 3829 Lugd.
2305 3756 2352 3811 1.
2368 3758 2431 3811 B.
2449 3759 2508 3813 R.
2525 3756 2720 3828 φαῖσι·
2745 3762 2793 3815 Ι.
2809 3762 2951 3815 1—
2978 3761 3044 3816 G.
3060 3774 3200 3835 epar.
3214 3760 3400 3815 vncias
3422 3763 3560 3815 duas·
3585 3778 3698 3816 om.
3724 3760 3790 3817 P.
3866 3759 3910 3829 i)
3950 3759 4144 3826 renas,
4171 3773 4225 3815 et
4252 3757 4420 3813 inetc.
4434 3758 4503 3813 P.

1443 3924 1528 3977 14,
1562 3922 1590 3976 5
1631 3914 1733 3962 DE
1773 3902 2018 3969 Dvno)
2041 3919 2248 3967 amaro,
2267 3902 2489 3958 acerbo.
2506 3901 2662 3978 Virg.
2688 3904 2903 3985 Geor-g.
2985 3907 3088 3965 lib.
3138 3924 3161 3962 1
3200 3925 3259 3980 p.
3291 3924 3382 3979 29.
3455 3903 3946 3963 Terminationem
3998 3906 4211 3980 primae
4254 3904 4507 3962 declina-

1359 3998 1418 4052 4,
1462 3996 1564 4035 ιοι
1645 3977 1844 4033 Dulcia
1883 3975 2038 4033 mella
2066 3988 2290 4050 pren-es,
2325 3992 2421 4030 nec
2452 3990 2666 4030 tantum
2702 3978 2899 4046 dulcia,
2984 3979 3161 4039 tionis
3198 3999 3413 4053 praeter
3440 3979 3686 4035 nostrum
3718 3980 3830 4044 hic,
3848 3998 3905 4036 et
3942 3998 4027 4048 ιη,
4061 4000 4153 4047 20,
4185 3997 4207 4035 ι
4239 3998 4504 4053 compro·

1358 4065 1618 4129 quantum
1725 4051 1797 4105 Et
1820 4048 2053 4123 liquida,
2094 4060 2150 4101 et
2179 4051 2369 4102 durum
2408 4050 2607 4105 Bacchi
2629 4051 2897 4107 domitura
2984 4057 3077 4112 bat
3129 4054 3295 4110 etiam
3347 4053 3568 4112 Paullus
3596 4053 3736 4110 Festi
3790 4054 4174 4113 abbreuiatot=
4232 4052 4506 4121 Chomica,

1347 4124 1611 4202 saporem.
1679 4124 1773 4181 Sic
1800 4141 1908 4181 nos
1947 4139 2176 4196 quoque
2226 4119 2496 4180 dicimus:
2534 4125 2606 4181 Er
2626 4121 2898 4200 scbmeckt
2978 4145 3096 4183 men
3122 4145 3252 4181 urae
3266 4144 3452 4200 genus.
3501 4130 3565 4184 ln
3592 4126 3871 4184 choenice
3899 4147 4022 4186 non
4044 4127 4347 4185 sedendum
4377 4126 4505 4193 effe,

1355 4201 1518 4265 bart,
1554 4196 1840 4271 struit-b„
1878 4207 2344 4255 SCHOETTG-
2980 4205 3085 4276 Pyt
3125 4217 3454 4276 agot-eorum
3503 4201 3579 4257 est
3637 4202 3835 4275 dogma
3872 4202 3946 4259 de
4043 4220 4120 4258 uo
4174 4200 4501 4258 Plutarchus

1437 4291 1527 4345 14,
1565 4290 1592 4342 ς
1636 4273 2246 4341 GLYCIRI-nzAE)
2299 4270 2587 4331 Notabilis
2617 4272 2692 4329 est
2720 4272 2892 4330 lestio
2977 4287 3086 4347 περὶ
3125 4279 3307 4333 παίδων
3359 4278 3571 4344 ἀγωγῆς
3609 4293 3692 4343 17,
3732 4281 3797 4343 6,-
3846 4275 3999 4333 Eusta
4065 4274 4150 4332 ius
4192 4274 4233 4331 l.
4261 4293 4313 4331 c.
4347 4279 4497 4348 Bapt.
4548 4292 4567 4299 -

1359 4346 1418 4405 su
1461 4364 1516 4402 ra
1544 4344 1852 4420 proposita,
1887 4364 2029 4420 quae
2064 4362 2102 4400 z
2139 4344 2203 4401 in
2241 4345 2301 4399 di
2335 4364 2545 4413 mutat,
2578 4363 2644 4403 vt
2667 4346 2897 4404 viciffim
2981 4349 3111 4407 Pius
3137 4366 3271 4405 ann.
3287 4350 3425 4420 post.
3458 4366 3508 4403 c.
3531 4353 3619 4418 36.
3727 4404 3737 4411 ,

1356 4422 1413 4480 sa
1511 4440 1565 4477 m
1616 4419 1676 4477 in
1708 4421 1948 4486 zabolus,
1988 4433 2133 4474 zeta.
2207 4419 2388 4494 Origo
2440 4420 2518 4476 est
2597 4420 2900 4478 renuncia·
3055 4441 3157 4494 14,
3192 4440 3228 4490 7
3280 4432 3558 4480 vva
3607 4432 3897 4480 Av‘rtM
3941 4428 4249 4497 versvs)
4291 4424 4504 4485 ExDa-

1353 4494 1536 4553 tionis
1558 4493 1986 4560 conuenientia,
2013 4511 2141 4551 cum
2163 4494 2406 4552 blaesum
2439 4494 2536 4570 qui
2609 4494 2674 4552 in
2711 4512 2749 4549 ‘z
2775 4494 2900 4552 lite-
2985 4497 3599 4572 mogeronteGeopon.
3619 4514 3671 4563 7,
3686 4497 3928 4568 24.Add.
3947 4497 4132 4555 Cresc.
4148 4520 4202 4569 4,
4217 4517 4305 4569 42.

1355 4589 1414 4627 ra
1448 4569 1745 4626 audiretur.
3064 4589 3165 4641 14,
3198 4586 3231 4636 7
3270 4580 3442 4629 ΡΙΝΙ
3524 4571 3995 4642 ΡΒνῦΙι-Ἐὶυ)
4041 4574 4119 4628 lta
4162 4571 4498 4638 constanter,

1437 4662 1524 4714 14,
1565 4661 1591 4711 ς
1643 4652 1878 4715 QVAM
1929 4652 2116 4701 svn]
2202 4651 2716 4701 CHOENICAM
2768 4654 2898 4701 vo-
2981 4644 3308 4720 quicunque
3351 4642 3718 4715 posteriorem
3748 4662 3951 4701 vocem
3986 4644 4117 4703 libri
4167 4646 4515 4723 agnoscunt.-

1359 4727 1519 4776 CAN
1535 4716 1620 4788 T)
1652 4719 1814 4787 χοῖνιξ
1841 4735 1965 4774 non
2006 4718 2287 4792 Syrorum
2320 4716 2398 4772 est
2429 4716 2520 4773 sed
2551 4720 2896 4775 Graecorum
2985 4721 3128 4775 Cum
3158 4736 3296 4774 vero
3310 4717 3469 4793 pinos
3490 4718 3585 4774 vix
3614 4717 3922 4776 masculino
3959 4737 4165 4794 genere
4205 4719 4320 4778 dici
4346 4719 4501 4804 posse
4576 4738 4581 4745 ·

1356 4790 1609 4847 mensura
1633 4828 1652 4856 ‚
1723 4808 1897 4865 eaque
1948 4807 2005 4849 et
2082 4790 2372 4847 aridorum
2415 4806 2475 4846 et
2532 4790 2893 4865 liquidorum.
2979 4791 3250 4858 videatur,
3279 4809 3335 4849 et
3359 4810 3635 4866 praeterea
3665 4794 3739 4850 dc
3763 4793 3867 4848 hac
3896 4795 4095 4850 arbore
4118 4796 4296 4865 resina
4306 4808 4497 4867 ponus

1325 4865 1445 4923 xEst
1485 4880 1666 4920 autem
1703 4862 1959 4923 mensura
2009 4880 2248 4940 quatuor
2296 4863 2652 4921 sextariorum
2678 4895 2696 4922 0
2736 4866 2891 4939 quod
2975 4865 3210 4930 dicatur,
3247 4883 3410 4940 quam
3432 4884 3623 4939 gumen
3652 4883 3746 4922 aut
3766 4884 4027 4940 gamma}
4063 4867 4396 4943 cogitabam,
4423 4883 4498 4923 an

1352 4938 1574 4995 testatur
1624 4938 1932 4996 Rhemnius
1980 4939 2231 4996 Fannius
2284 4938 2356 4993 de
2419 4937 2771 5011 ponderibus
2836 4955 2894 4995 et
2961 4938 3412 5028 spinifrugg'feri
3436 4941 3753 5025 ‘legendum
3788 4937 3878 4994 iit:
3919 4939 4075 5023 quod
4120 4957 4278 4998 tanto
4320 4940 4497 5016 magis

1351 5009 1624 5070 mensuris
1648 5016 1801 5082 v.‘69.
1845 5013 1989 5068 Vide
2014 5009 2364 5068 Eustathium
2390 5013 2459 5067 ad
2486 5011 2675 5085 Odyssl
2705 5010 2779 5067 T.
2797 5024 2888 5075 23.
3014 5014 3173 5080 lacet,
3211 5030 3541 5088 quinetiam
3566 5011 3778 5088 spinum
3806 5008 4054 5086 stet-elem
4091 5014 4351 5088 agnoscit
4386 5033 4496 5074 no-
4532 5060 4545 5073 χ

1345 5084 1577 5146 Eduard.
1638 5087 1979 5145 Bernardum
2058 5086 2136 5143 de
2189 5084 2543 5158 ponderibus
2593 5099 2650 5143 et
2707 5085 2883 5145 meus.
3017 5106 3075 5146 cr
3097 5088 3173 5147 dc
3191 5085 3337 5153 infit.
3365 5095 3527 5159 νώ).

2601 5308 2619 5349 ι
4095 5190 4182 5292 ιλ,
4218 5234 4251 5290 9
4288 5228 4502 5299 vma
