4942 6167
1326 452 1343 465 ν
1412 454 1561 535 339
1631 408 2321 527 TVRNEBIET
2370 418 2845 496 GESNERI
2894 416 3600 492 ANNOTATIO
3643 421 3783 497 DE
3832 423 4376 498 TRAPETO.

1406 614 1593 713 ligitt
1643 618 1725 688 ab
1753 612 1941 688 labris
1964 615 2229 711 digitum
2259 612 2579 681 minimam
2609 606 2816 678 orbem
2845 605 3044 706 abqffie
3071 605 3237 679 vult.
3329 608 3500 678 orbis
3528 621 3759 680 autem
3790 610 3975 681 mola
4002 605 4102 703 est
4137 612 4411 697 olearia,
4439 634 4577 709 qua

1405 723 1479 794 in
1506 726 1778 819 trapeto
1812 712 1961 788 olea
1987 716 2266 785 teritur:
2310 712 2427 807 qui
2459 713 2553 783 ita
2578 709 2651 778 in
2681 722 3028 806 trapetum
3060 731 3309 780 cauum
3341 711 3716 782 conuenire
3743 708 3969 800 debet,
4011 722 4087 783 vt
4118 712 4300 785 labra
4325 714 4578 811 trapeti

1408 845 1573 893 eum
1602 844 1745 892 non
1766 828 2049 909 tangant
2088 836 2222 885 nec
2250 824 2508 899 terant,
2555 802 2673 880 sed
2697 806 2779 880 ab
2812 810 2907 880 eis
2938 807 3231 901 digitum
3269 812 3640 891 minimum
3669 811 3968 921 vidique
4013 809 4200 889 absit.
4300 815 4419 887 Ab
4436 813 4579 908 solo

1406 925 1736 1007 mortarii,
1783 922 1961 991 orbes
1987 937 2207 987 caune
2236 928 2484 1009 oportet
2511 915 2876 982 mortarium
2905 937 2977 982 ne
3003 925 3254 984 terant:
3303 926 3382 983 vt
3409 909 3698 984 diximus
3720 970 3737 1001 ,
3783 913 3864 985 ab
3896 912 4097 985 labris
4129 912 4332 985 orbes
4363 909 4579 987 abeffe

1414 1022 1668 1097 debere
1694 1017 1997 1092 mortarii
2021 1031 2095 1087 et
2121 1016 2410 1115 trapeti:
2455 1017 2621 1085 item
2650 1009 2867 1086 abeffe
2894 1039 2932 1084 a
2956 1011 3173 1091 fundo
3214 1028 3287 1086 et
3315 1012 3459 1086 solo
3505 1036 3625 1087 eos
3671 1030 4016 1113 oportet,'
4039 1040 4131 1087 ne
4167 1030 4395 1089 terant
4438 1018 4580 1093 eius

1414 1124 1729 1199 fundum.
1831 1117 2014 1194 Inter
2039 1121 2246 1191 orbem
2263 1174 2281 1205 ,
2332 1130 2399 1189 et
2425 1117 2805 1205 miliarium,
2846 1140 3028 1189 vnum
3073 1119 3336 1213 digitum
3377 1116 3656 1215 interff
3696 1129 3962 1209 oportet.
4058 1119 4419 1205 Mitior-ium
4466 1142 4579 1190 vas

1419 1223 1518 1300 est
1545 1218 1906 1317 angustum
1933 1233 2007 1290 et
2043 1218 2429 1312 oblongum
2445 1276 2463 1306 ,
2515 1218 2687 1289 milii
2729 1215 3023 1291 formam
3067 1215 3389 1289 referens.
3465 1214 3878 1290 subdebatur
3916 1218 4151 1290 autem
4201 1223 4409 1291 etiam
4452 1232 4583 1291 tra-

1328 1380 1333 1386 ·
1404 1342 1591 1428 ,peto
1620 1324 2018 1409 miliarium,
2058 1337 2383 1419 tanquam
2410 1318 2927 1407 fulcimentum,
2972 1321 3146 1391 etin
3176 1343 3261 1390 eo
3308 1317 3673 1391 columella
3711 1316 3930 1391 ferrea
3958 1314 4143 1391 refita
4176 1317 4403 1409 stabat,
4449 1345 4585 1417 qua

1422 1428 1609 1500 mola
1636 1424 2032 1498 tenebatur:
2085 1422 2273 1522 quod
2297 1421 2661 1495 miliarium
2689 1424 2781 1494 ita
2807 1422 3174 1520 temperari
3197 1418 3832 1518 accommodarique
3857 1446 3899 1492 o
3953 1419 4243 1508 ortebat,
4284 1437 4365 1493 vt
4392 1417 4581 1518 quod

1428 1528 1516 1601 ad
1550 1525 1978 1600 latitudinem
2013 1526 2311 1613 attinet,
2350 1527 2536 1596 inter
2575 1522 2816 1596 orbem
2851 1539 2924 1596 et
2952 1522 3313 1595 miliarium
3356 1547 3504 1595 non
3545 1521 3835 1622 amplius
3880 1445 4175 1614 efigitum
4217 1517 4578 1595 interesset.

1405 1614 1623 1728 ¹quod
1646 1625 1697 1698 si
1722 1628 1881 1728 plus
1905 1622 2283 1715 interefl‘et,
2327 1626 2695 1698 miliarium
2733 1620 3351 1718 constringebatur,
3394 1639 3468 1696 et
3511 1626 3588 1695 in
3623 1617 3891 1696 arstum
3935 1620 4399 1696 adducebatur
4441 1626 4586 1696 eius

1431 1731 1680 1804 laxitas.
1771 1732 1877 1800 Ita
1907 1732 2101 1827 operi
2124 1730 2355 1826 aptius,
2376 1741 2521 1800 erat
2549 1742 2622 1799 et
2648 1724 2927 1800 firmius.
2983 1729 3078 1800 ita
3105 1729 3291 1799 enim
3331 1724 3520 1823 q'uod
3563 1728 3857 1798 nimium
3898 1725 4225 1796 intererat
4272 1723 4586 1825 expleba-

1404 1848 1584 1929 tur,
1633 1844 1708 1901 et
1730 1828 2023 1930 spatium
2047 1828 2213 1902 illud
2241 1832 2441 1903 inane
2473 1831 2700 1901 minus
2732 1826 3174 1917 reddebatur,
3224 1824 3413 1926 quod
3451 1829 3743 1926 amplius
3785 1841 3945 1901 ante
3985 1824 4231 1898 hiabat.
4287 1823 4338 1898 fi
4382 1826 4585 1901 orbes

1428 1928 1564 2006 fint
1588 1933 1857 2005 altiores
1873 1985 1892 2017 ,
1943 1933 2283 2029 nimisque
2313 1930 2632 2004 deorsum
2660 1929 3068 2005 descendant
3093 1930 3174 2003 ad
3201 1933 3423 2002 imum
3452 1930 3787 2018 mortarii,
3830 1932 3925 2002 eis
3955 1924 4301 2001 orbiculos
4333 1928 4583 2028 suppo-

1430 2038 1557 2121 nit,
1589 2031 1831 2132 quibus
1857 2034 2272 2106 attollantur.
2325 2030 2573 2105 eodem
2599 2032 2809 2107 modo
2836 2031 3125 2106 latitudo
3159 2046 3584 2132 temperatur
3626 2046 3698 2104 et
3743 2027 4318 2103 accommodatur.
4427 2054 4586 2102 nam

1360 2220 1365 2225 .
1428 2133 1480 2208 fi
1510 2135 1624 2208 lati
1651 2134 1801 2208 satis
1831 2158 1976 2204 non
2020 2130 2184 2223 sint,
2233 2133 2739 2211 circumdantur
2781 2134 3097 2209 orbiculis
3141 2134 3387 2228 ligneis
3431 2159 3675 2207 eorum
3714 2134 4089 2226 margines,
4133 2146 4254 2204 aut
4290 2131 4583 2220 armillis,

1408 2236 1623 2308 velut
1646 2251 1842 2308 rotae
1872 2233 1993 2307 suo
2022 2234 2292 2309 cantho.
2343 2261 2506 2309 mox
2531 2237 2861 2335 sequitur,
2888 2236 3397 2333 summafiemtus
3440 2265 3486 2310 n
3506 2262 3546 2306 c
3569 2262 3622 2306 x
3646 2263 3697 2306 x
3717 2264 3750 2305 1
3774 2263 3824 2306 x
3869 2238 4099 2307 nummi
4103 2233 4409 2331 sistenti,
4452 2257 4583 2332 pro

1416 2344 1740 2437 'trapeto,
1786 2333 2297 2439 composituris,
2345 2335 2652 2427 vestuta,
2705 2341 2934 2437 operis
2961 2336 3352 2411 hominibus
3405 2365 3495 2423 v,
3542 2362 3703 2409 cum
3741 2334 4059 2409 bubulcis
4089 2364 4138 2412 v
4161 2363 4225 2422 1,
4274 2360 4583 2434 quaeque
4637 2330 4644 2337 ’

1428 2440 1559 2512 alia
1595 2442 1967 2513 enumerat.
2063 2441 2187 2512 Illa
2212 2456 2442 2514 autem
2470 2455 2623 2514 tota
2651 2438 2898 2513 fabrica
2924 2452 3353 2539 trapetorum
3367 2434 3777 2511 difficultatis
3806 2436 4122 2511 nonnihil
4152 2434 4376 2510 habet.
4427 2462 4582 2535 pro-

1430 2538 1596 2612 inde
1626 2556 1911 2614 conatus
1958 2542 2139 2629 sum,
2199 2538 2250 2613 fi
2296 2569 2441 2615 non
2484 2538 2789 2643 pisturae
2829 2542 3257 2615 lineamentis
3301 2565 3453 2616 eam
3498 2540 4032 2643 repraesentare3
4123 2556 4312 2613 certe
4345 2538 4581 2613 vmbra

1430 2640 1725 2743 quadam
1759 2642 2007 2716 leuiter
2032 2640 2397 2739 designare.
2501 2648 2697 2715 Haec
2740 2642 3134 2715 Turnebus.

1412 2742 1419 2749 ’
2319 2788 2325 2795 -
2390 2743 2632 2841 Nostra
2661 2759 2867 2817 autem
2900 2746 2972 2815 de
3002 2744 3284 2838 Trapeto
3312 2743 3639 2840 haec-fiant.
4197 2810 4206 2817 .

1642 2847 1859 2916 Varro
1889 2846 2028 2913 LL.
2059 2868 2127 2942 p.
2153 2865 2266 2939 34,
2301 2867 2341 2939 ς
2398 2848 2741 2941 Trapetes,
2784 2846 3038 2944 inquit,
3081 2846 3283 2918 molae
3313 2849 3585 2920 oleariae
3618 2856 3939 2922 vocantur.
4033 2847 4371 2945 Trapetes
4413 2869 4452 2917 a
4479 2857 4579 2917 te-

1430 2940 1687 3030 rendo,
1738 2944 1854 3045 nist
1881 2942 2211 3023 Graecum.
2310 2941 2459 3019 Effe
2496 2948 2872 3035 Graecum,
2919 2948 3054 3020 iam
3083 2944 3374 3019 ostendit
3401 2947 3695 3041 Scaliger
3725 2975 3804 3020 ex
3835 2941 4062 3045 odyn}
4088 2979 4145 3037 η,
4205 2971 4230 3019 1
4251 2970 4347 3040 24
4443 2944 4580 3025 ὲτέ-

1376 3075 1556 3149 «ςας
1585 3039 1638 3126 δ’
1663 3035 1806 3147 ἄρα
1830 3036 1899 3123 δὲ
1926 3043 2291 3148 τςυγὸωσιν
2307 3098 2332 3139 ‚
2412 3044 2614 3125 Κλλω
2646 3041 2714 3126 ὃὶ
2738 3048 3090 3155 ream-fam.
3184 3050 3383 3121 Plura
3420 3048 3627 3123 habet
3648 3050 4056 3148 Hesychius.
4121 3048 4352 3121 Vnde
4380 3074 4578 3150 appa-

1432 3159 1548 3218 ret
1563 3202 1581 3234 ,
1623 3160 1871 3218 vocem
1895 3160 2222 3241 trapetas,
2268 3160 2587 3244 trapetum
2602 3204 2620 3238 ,
2667 3150 2780 3222 vel
2803 3151 2979 3248 plur.
3012 3164 3300 3243 trapetas
3330 3154 3480 3239 (tot
3503 3151 3723 3225 modis
3753 3153 3939 3225 enim
3967 3149 4254 3245 dicitur)
4292 3175 4577 3245 genera-

1432 3249 1562 3319 tim
1610 3263 1849 3320 notare
1889 3249 2271 3322 machinam
2310 3253 2621 3324 calcandis
2660 3253 2772 3323 vel
2817 3252 3272 3353 exprimendis
3320 3250 3463 3325 siue
3496 3256 3676 3342 vuis,
3723 3249 3896 3342 fiue,
3945 3270 4021 3325 vt
4060 3251 4245 3353 apud
4289 3250 4575 3341 nostroe,

1435 3347 1683 3435 credo,
1725 3348 2025 3449 semper,
2086 3349 2272 3425 oleis.
2369 3356 2538 3424 Huc
2577 3356 2881 3453 pertinet
2928 3357 3133 3426 etiam
3170 3360 3360 3427 Varr.
3405 3379 3463 3443 1,
3495 3378 3609 3451 55,
3648 3379 3683 3451 ς
3746 3349 4163 3428 eilestione
4201 3356 4575 3452 primarum

1437 3447 1858 3540 editionum,
1900 3477 1939 3523 a
1966 3448 2404 3549 quibuscum
2434 3450 2857 3528 disceffiss'ent
2894 3456 3227 3557 reliquae,
3273 3458 3568 3552 Scaliger
3609 3482 3760 3531 eam
3799 3455 4253 3531 reuocandam
4291 3457 4575 3544 censuit,

1396 3560 1402 3569 '
1435 3553 1815 3625 demittatur
1844 3557 1938 3625 ad
1974 3569 2290 3647 tritonus,
2330 3584 2497 3656 quae
2523 3583 2626 3631 res
2664 3559 2864 3635 molae
2905 3560 3198 3647 oleariae,
3258 3584 3293 3631 e
3328 3565 3487 3634 duro
3525 3574 3586 3634 et
3622 3558 3839 3657 aspero
3873 3554 4096 3655 lqvide.
4241 3561 4299 3629 E
4348 3559 4416 3630 la'
4463 3558 4575 3630 ide

1428 3646 1628 3724 fuisse
1660 3652 1894 3742 orbes,
1946 3653 2427 3756 lapidibusque
2444 3659 2616 3749 adeo
2643 3656 3044 3750 molaribus,
3100 3686 3273 3759 quos
3296 3660 3520 3735 nostra
3559 3676 3735 3734 aetas
3765 3662 4070 3761 vsurpat‚
4118 3684 4262 3732 non
4355 3663 4369 3678 ’
4425 3662 4576 3731 imi·

1428 3752 1565 3841 leS,
1617 3780 1655 3825 a
1705 3770 1898 3854 paret
1925 3759 2315 3854 praesertim
2344 3787 2426 3832 ex
2454 3765 2646 3834 Cato.
2689 3783 2848 3858 135,
2881 3767 2946 3835 6.
3049 3765 3191 3834 Hic
3231 3766 3401 3836 orbis
3438 3761 3599 3849 fuit,
3629 3787 3801 3861 quae
3842 3760 4077 3862 postea
4119 3776 4303 3835 meta.
4401 3757 4574 3833 Orbi

1430 3853 1624 3927 subie
1842 3853 2035 3928 fuiss‘e
2063 3866 2463 3950 mortarium,
2513 3862 2810 3961 lapidem
2838 3864 3040 3937 alium
3057 3921 3075 3953 ,
3128 3865 3544 3963 aliquantum
3574 3877 3987 3953 excauatum,
4029 3888 4196 3961 cum·
4227 3865 4402 3936 labro
4427 3860 4574 3936 fiue

1431 3958 1777 4048 margine,
1827 3959 1945 4053 qui
1975 3961 2216 4047 catillus
2242 3959 2494 4036 deinde
2524 3959 2741 4037 distus
2771 3961 2900 4053 est,
2946 3966 3030 4039 ad
3065 3965 3253 4067 quod
3277 3969 3372 4039 ita
3394 3964 4008 4039 accommodandus
4038 3980 4182 4041 erat
4224 3963 4406 4037 orbis
4424 4021 4442 4053 ,
4495 3980 4576 4037 vt

1429 4055 2001 4232 arsisti?
2042 4060 2367 4241 {ms
2427 4094 2942 4242 m...
2979 4064 3808 4243 &maram
3862 4171 4371 4244 ,ω
4404 4082 4572 4256 τεᾷ

1558 4216 1567 4241 ι
1706 4234 1713 4239 .
1967 4216 1985 4249 2
2952 4226 2970 4258 ²
4471 4229 4487 4239 ⁴

1412 4266 1608 4355 'quae
1635 4257 1989 4336 sustineret
2014 4265 2410 4367 impositum
2435 4268 2558 4343 {ibi
2600 4269 2841 4344 orbem
2881 4297 3026 4343 non
3068 4275 3376 4372 proxime
3417 4272 3530 4344 illa
3572 4272 3879 4373 quidem,
3937 4273 4050 4345 sed
4093 4269 4572 4347 intercedente

1427 4385 1614 4454 cupa.
1716 4363 1964 4473 Cupam
2006 4386 2235 4442 autem
2265 4386 2338 4443 et
2364 4366 2707 4447 miliarium
2738 4375 3013 4445 Catonis
3041 4398 3097 4446 c.
3137 4398 3228 4449 20
3255 4376 3328 4448 it.
3367 4397 3450 4448 21
3492 4391 3565 4447 et
3606 4399 3728 4463 22,
3772 4398 3984 4446 vnum
4014 4373 4334 4471 idemque
4366 4372 4574 4443 intel-

1338 4502 1343 4507 ’
1429 4461 1608 4555 ligO,
1655 4467 1982 4564 pyxidem
2010 4472 2363 4562 nimirum,
2414 4476 2592 4547 intra
2619 4500 2823 4575 quam
2853 4478 3247 4549 continetur
3272 4478 3619 4566 columella,
3656 4480 3767 4551 cui
3803 4474 4115 4576 imposita
4154 4475 4323 4574 pilei
4366 4472 4569 4545 instar

1422 4560 1574 4636 fuit.
1674 4572 1838 4641 Hoc
1894 4573 2290 4671 miliarium,
2353 4575 2525 4648 haec
2569 4602 2748 4676 cupa
2784 4576 3030 4650 deinde
3076 4594 3151 4651 et
3199 4574 3503 4655 transiuit
3547 4582 3788 4665 orbem,
3845 4594 3917 4650 et
3958 4575 4323 4669 sustinuit,
4361 4578 4455 4646 ita
4485 4590 4566 4647 vt

1419 4660 1638 4782 stante
1666 4666 1953 4743 firmiter
1976 4674 2373 4761 columella,
2429 4676 2644 4765 orbis,
2708 4681 2974 4751 miliarii
2999 4676 3142 4753 siue
3183 4704 3399 4780 cupae
3437 4708 3574 4780 ope
3599 4682 3697 4754 illi
3734 4676 4122 4780 imposituS,
4169 4676 4422 4755 deinde,
4457 4675 4565 4748 fu·-

1417 4787 1615 4836 nmm
1642 4782 1715 4838 et
1742 4771 2202 4847 trochlearum
2228 4771 2563 4849 beneficio
2595 4780 3186 4873 circumageretur.
3231 4792 3242 4801 “
3282 4782 3614 4859 Altitudo·
3629 4798 3706 4857 et
3727 4781 4016 4856 latitudo
4052 4775 4564 4877 temperabatur

1414 4867 1704 4982 urbitalis
1731 4867 1973 4961 ligneis
1994 4874 2110 4963 ,vel
2138 4877 2396 4949 armillis
2418 4876 2673 4952 ferreis.
2780 4878 3092 4956 Tantum
3112 4885 3518 4978 ‘intelligere
3553 4910 3668 4955 me
3703 4900 3917 4983 put03
3977 4876 4313 4982 superesse
4359 4890 4600 4978 quae··

1416 4961 1574 5037 dam
1600 4991 1671 5065 in
1700 4968 1814 5040 illa
1843 4977 2088 5074 trapeti
2113 4973 2564 5076 descriptione
2594 5004 2650 5053 c.
2683 5004 2798 5070 20,
2834 5005 2948 5072 21,
2983 5009 3070 5060 22
3107 4986 3276 5060 mihi
3305 4987 3508 5087 plane
3531 4979 3755 5071 ἄδηλοι
3783 5010 3925 5056 non
3964 5008 4166 5078 nego.
4270 4981 4561 5054 Interim

1409 5062 1460 5137 fi
1488 5089 1973 5168 ⁰⁰¹¹¹P⁸r²¹¹¹²¹f
1996 5074 2109 5149 ista
2138 5100 2299 5151 cum
2325 5082 2434 5168 fis,
2485 5108 2658 5181 quae
2683 5082 2776 5195 pti
2799 5087 3020 5183 ipsum
3050 5094 3388 5167 Catonem
3416 5100 3649 5163 notata
3689 5085 3876 5176 sunt,
3926 5110 4071 5161 non
4107 5082 4407 5187 multum
4448 5081 4560 5157 su-

1403 5166 1667 5268 peresse
1691 5184 1886 5279 puto.
1988 5178 2141 5257 vid.
2172 5183 2376 5259 etiam
2400 5181 2488 5261 ad
2530 5187 2675 5263 Col.
2709 5208 2818 5280 υ,
2853 5210 2968 5287 50,
2999 5212 3066 5287 7.
