4942 6167
1974 500 1999 523 ¹
3444 413 3580 499 m

850 697 1025 803 An,
1068 694 2033 782 CELEBERRIMVM
2101 694 2256 779 ΕΤ
2292 696 3198 831 ροετιεειΜνΜ

1561 845 1647 936 v
1784 847 1821 934 1
1953 847 2035 939 R
2169 848 2255 939 v
2388 848 2488 937 M

437 984 1608 1137 1AcoBvM
1769 900 3597 1142 FfAcmoLAT'vM

452 1240 1859 1433 ·-1oAN15Es
2052 1243 3329 1361 BAPTISTA

1195 1435 2838 1553 MORGAGNVS.
3219 1452 3232 1461 ’

436 1665 847 1844 GVaeris
904 1691 984 1739 ex
1029 1628 1183 1756 me,
1242 1669 1368 1741 Vir
1409 1661 1842 1758 Dofflffime,
1901 1668 2213 1770 pluribus
2257 1672 2344 1746 de
2386 1674 2556 1747 locis
2610 1671 3062 1763 Columellae,
3130 1688 3205 1746 vt
3256 1676 3326 1746 in
3363 1672 3597 1772 pleris-

666 1795 802 1868 que
830 1768 1043 1853 huius⁴
1071 1766 1481 1842 editionibus
1512 1772 2035 1869 proponuntui,
2081 1773 2247 1871 quid
2277 1777 2578 1849 sentiam.
2674 1779 2824 1868 Ego
2852 1801 3017 1849 vero
3051 1790 3123 1846 et
3151 1773 3237 1847 de
3267 1779 3366 1863 iis,
3409 1790 3480 1847 et
3509 1774 3594 1845 de
3742 1785 3776 1803 ⁸
3891 1752 3903 1759 ⁶

436 1868 708 1945 Palladii
735 1864 1171 1973 quibusdam,
1216 1886 1289 1943 et
1315 1868 1401 1943 de
1450 1873 1800 1944 nonnullis
1844 1875 2047 1946 etiam
2084 1880 2406 1965 Varronis
2453 1875 2618 1975 quid
2655 1876 2977 1974 suspicer,
3023 1879 3118 1949 ita
3161 1875 3473 1962 scribam,
3519 1890 3598 1946 vt

434 1971 764 2046 iudicium
793 1995 937 2043 non
965 1973 1403 2070 interponam
1429 1997 1696 2062 meum,
1745 1973 1861 2044 sed
1888 1978 2233 2073 exquiram
2262 1992 2483 2050 tuum.
2579 1980 2836 2074 Neque
2866 1981 3049 2048 enim
3078 1980 3152 2048 in
3193 1983 3294 2049 Re
3338 1984 3593 2049 Anato-

432 2077 640 2163 mica,
687 2089 807 2145 aut
834 2077 919 2145 M
1012 2075 1138 2162 'ca,
1189 2076 1261 2144 in
1289 2072 1533 2171 quibus
1563 2073 1652 2147 ob
1685 2072 2045 2163 affiduum,
2101 2062 2397 2175 opinor?
2434 2075 2748 2164 studium,
2799 2078 3281 2176 susceptosque
3308 2104 3346 2149 a
3370 2101 3590 2176 puero

434 2173 700 2250 labores
734 2173 924 2247 vsum
1020 2177 1251 2273 ‘quem
1278 2171 1528 2247 habere
1558 2175 1827 2265 videor,
1874 2174 1988 2248 sed
2019 2178 2097 2247 in.
2123 2174 2346 2250 media
2368 2179 2753 2271 Philologia
2776 2176 3187 2250 versabimur
3206 2233 3224 2265 ,
3259 2183 3331 2249 in
3363 2205 3495 2276 qua
3520 2190 3592 2249 vt

434 2303 620 2379 pene
642 2273 877 2349 adhuc
902 2273 1243 2374 hospitem
1260 2332 1278 2364 ,
1330 2290 1453 2349 aut
1481 2292 1668 2349 certe
1697 2279 1998 2351 tironem
2028 2274 2159 2351 effe
2184 2304 2338 2365 me,
2366 2278 2621 2367 fateor3
2662 2275 2752 2350 sic
2784 2295 2854 2351 te
2884 2276 3015 2351 effe
3044 2282 3422 2381 principem
3441 2334 3460 2365 ,
3495 2292 3591 2349 at-

437 2403 576 2477 que
605 2374 1033 2471 signiferum,
1066 2402 1315 2470 negare
1344 2403 1489 2467 non
1514 2394 1736 2478 potes,
1838 2383 2007 2450 Huc
2042 2379 2213 2451 illud
2245 2380 2538 2468 accedit,
2584 2404 2700 2452 me
2745 2396 3016 2479 praeter
3049 2381 3191 2466 sex,
3238 2381 3589 2478 septemue

433 2481 610 2569 illas,
658 2505 821 2577 quas
853 2474 1285 2567 memorabo,
1328 2504 1575 2553 eorum
1605 2475 1990 2561 AuEkorum
2017 2479 2381 2569 editiones,
2434 2481 2636 2555 aliam
2669 2497 3020 2580 praeterea
3042 2476 3271 2555 vidiss'e
3310 2481 3589 2573 nullam,

437 2607 598 2661 cum
626 2595 705 2653 tu
735 2583 806 2651 in
835 2577 1049 2652 vestra
1074 2577 1193 2651 ista
1223 2578 1620 2677 ampliffima
1643 2579 2093 2670 Bibliotheca,
2152 2609 2354 2680 quam
2385 2583 2727 2680 vtriusque
2759 2579 3063 2655 nostrum
3105 2587 3432 2654 Patronus
3468 2587 3591 2651 Be-

436 2677 987 2757 neficentiffimus
1054 2705 1556 2751 σεοιιῦινε
1626 2707 2247 2753 σᾼιιῑιιινᾼιῐε
2317 2709 2914 2769 CORNELIVS,
2971 2682 3054 2753 ad
3085 2684 3421 2769 scientias,
3468 2681 3590 2752 bo·

384 2866 391 2873 ,
435 2811 691 2884 nasque
734 2807 973 2855 omnes
1021 2797 1196 2854 artes
1244 2779 1612 2866 fouendas,
1676 2780 2217 2879 promouendaS,
2287 2781 2755 2877 ornandasque
2801 2799 2998 2854 natus
3017 2838 3034 2868 ,
3085 2779 3325 2873 insigni
3367 2807 3592 2879 nuper

307 2952 323 2965 .
434 2882 804 2961 acceffione
829 2883 1310 2983 locupletauit,
1339 2881 1564 2955 multo
1593 2881 1828 2979 plures
1858 2881 2053 2954 facile
2081 2879 2347 2957 habeas.
2448 2881 2584 2955 Sed
2609 2882 2778 2954 illud
2815 2884 3122 2982 inprimis
3154 2886 3359 2955 etiam
3388 2901 3591 2979 atque

436 2992 641 3061 etiam
666 2984 1009 3059 inculcem
1032 2980 1294 3055 necesse
1320 2983 1447 3071 est,
1494 3007 1608 3055 me
1638 3006 1987 3082 nunquam
2019 2983 2147 3056 hos
2176 2986 2299 3056 Rei
2333 2981 2639 3056 Rusticae
2668 2979 3003 3061 Austores
3033 2987 3104 3057 in
3141 3010 3380 3059 manus
3415 2984 3589 3055 sum-

430 3086 608 3175 fiss'e,
651 3102 729 3160 vt
760 3074 1235 3167 emendarem3
1286 3082 1399 3154 sed
1436 3108 1594 3155 cum
1617 3084 1798 3156 aliud
1826 3086 1900 3157 in
1943 3084 2075 3156 alio
2103 3086 2558 3181 inquirerem,
2605 3082 2887 3156 subinde
2931 3089 3002 3156 in
3030 3088 3266 3172 certiS,
3305 3088 3377 3157 in
3413 3111 3586 3183 quos

429 3189 838 3275 inciderant,
881 3185 1054 3255 locis
1083 3176 1385 3271 haesisse,
1426 3186 1654 3282 itaque
1684 3184 2019 3285 numquid
2045 3183 2230 3259 forte
2255 3187 2428 3272 vitii,
2483 3198 2554 3255 et
2579 3183 2746 3282 quid
2785 3181 3104 3271 subesset,
3149 3182 3242 3255 sic
3276 3188 3454 3256 inter
3493 3186 3586 3255 le·

433 3290 746 3385 gendum
784 3278 1200 3384 quaesiuiffe,
1261 3282 1447 3383 quod
1489 3287 1699 3359 visum
1741 3286 1994 3374 fuerat,
2041 3310 2575 3385 nonnunqm,
2621 3299 2695 3357 vt
2733 3280 2813 3356 fit
2865 3281 3293 3360 adnotauisse.
3347 3350 3362 3357 -
3389 3288 3585 3357 Haec

435 3393 649 3491 igitur
673 3411 845 3486 quae
872 3409 961 3456 ne
988 3380 1359 3459 releRurus
1388 3386 1664 3484 quidem
1690 3387 1988 3474 fueram,
2035 3383 2156 3458 nifi
2190 3402 2270 3458 tu
2313 3411 2443 3487 pro
2489 3402 2607 3459 tua
2639 3380 3107 3459 humanissima
3158 3385 3243 3458 de
3285 3410 3399 3458 me
3440 3413 3482 3458 o
3535 3388 3584 3457 i-

436 3495 650 3565 nione
689 3482 1016 3590 petiifl‘eS,
1083 3513 1268 3561 nunc
1305 3486 1429 3561 tibi
1482 3515 1563 3561 ex
1607 3487 1848 3561 ordine
1894 3484 2292 3577 describam,
2354 3513 2504 3561 non
2545 3486 2824 3579 alicuius
2872 3486 3327 3563 adsciscendae
3369 3487 3479 3559 lau
3526 3490 3581 3559 is

437 3594 679 3687 gnatia,
732 3587 848 3665 sed
873 3605 1030 3662 tuae
1057 3591 1428 3665 sententiae
1455 3587 1919 3689 requirendae.

638 3696 727 3763 Et
757 3693 1057 3790 primum
1084 3692 1468 3767 Columella
1500 3686 1618 3789 [ab
1646 3691 1785 3764 hoc
1811 3695 1994 3764 enim
2024 3694 2161 3765 inci
2210 3695 2343 3764 iam
2370 3688 2455 3762 de
2473 3716 2612 3790 quo
2640 3703 2720 3763 tu
2741 3685 3160 3788 potiffimum
3176 3684 3581 3788 quaefiuisti:
3729 3773 3747 3793 .

437 3797 582 3868 eius
609 3808 841 3869 autem
872 3792 1109 3882 verba,
1154 3811 1231 3869 vt
1275 3810 1704 3868 caeterorum
1747 3819 2056 3893 quoque,
2099 3821 2136 3865 a
2211 3793 2465 3867 oribam
2506 3791 2658 3864 fere
2695 3790 3066 3865 secundum
3114 3786 3586 3889 Gryphianum

439 3894 812 3968 editionem
834 3901 914 3966 A.
956 3920 979 3967 1
1000 3902 1183 3987 5483
1228 3895 1357 3969 hac
1383 3898 1588 3983 enim,
1618 3912 1694 3969 vt
1717 3895 1940 3967 multo
1967 3894 2455 3993 frequentiore,
2482 3895 2772 3987 contigit
2797 3910 2874 3965 vt
2901 3895 3097 3964 initio
3123 3892 3396 3993 vterer]
3446 3894 3497 3979 §.
3526 3914 3583 3964 1.

437 3997 587 4095 Col.
624 4022 685 4085 ι,
718 4007 782 4084 8,
819 4006 857 4078 8
891 4010 964 4066 et
999 4018 1025 4066 ι
1050 4016 1105 4081 1,
1151 4016 1207 4082 1,
1243 4019 1327 4068 21
1388 3998 1772 4072 Columella
1794 3998 2002 4091 igitur
2031 3991 2387 4095 postquam
2427 3994 2603 4068 libro
2635 3999 2670 4066 Ι
2710 4019 2852 4093 cap.
2890 4010 2951 4082 8,
3009 3994 3301 4080 Wllicus,
3341 3994 3583 4090 inquit,

436 4096 866 4177 exhortandus
893 4095 975 4193 est
998 4099 1086 4166 ad
1107 4095 1673 4191 irfirumentorum,
1706 4098 2365 4199 ferramentorumque
2401 4122 2647 4185 curam,
2693 4111 2766 4169 vt
2808 4096 3108 4190 duplicia,
3149 4120 3335 4193 quam
3376 4120 3585 4169 nume-

435 4197 891 4294 rusfiruorum
921 4200 1148 4294 exigit,
1196 4198 1459 4291 νῇὲέἶα,
1510 4216 1570 4275 et
1596 4202 1860 4305 repqfita
1888 4199 2223 4297 custodiat,
2269 4227 2345 4273 ne
2377 4203 2539 4297 quid
2576 4225 2618 4270 a
2651 4202 2850 4270 vicino
2878 4203 3206 4292 petendum
3225 4198 3364 4296 stu
3420 4216 3608 4271 cone‘

434 4302 633 4393 tinuo
661 4299 869 4371 huius
896 4298 997 4369 rei
1025 4298 1287 4371 causam
1314 4300 1408 4373 ita
1434 4300 1730 4377 subiicit:
1789 4309 1936 4405 quia
1960 4303 2107 4395 plus
2149 4306 2214 4374 in
2254 4304 2463 4397 operis
2486 4298 2853 4399 seruorum,
2898 4324 3086 4395 quam
3131 4301 3195 4369 in
3231 4299 3441 4391 pretio
3487 4294 3582 4368 re-'

432 4427 574 4475 rum
597 4399 892 4481 eiusmodi
921 4396 1310 4489 corfitmitur.
1410 4402 1674 4485 Quibus
1701 4407 1777 4477 in
1802 4400 2022 4478 verbis
2051 4398 2196 4474 fieri
2224 4398 2447 4500 potest
2489 4415 2564 4472 vt
2599 4399 2772 4472 nihil
2816 4395 3017 4487 defit3
3100 4394 3149 4469 fi
3197 4399 3308 4468 cui
3346 4411 3588 4487 tameq

432 4498 770 4577 sententia
793 4493 1136 4571 videretur
1166 4500 1369 4598 paulo
1400 4502 1772 4595 obscurior,
1824 4529 2028 4603 quam
2058 4502 2231 4574 ferat
2260 4502 2598 4601 perspicui
2640 4502 2890 4597 alioqui
2927 4500 3264 4599 scriptoris
3299 4497 3574 4568 consue·

434 4600 645 4688 tudo;
696 4595 1144 4672 animaduerti
1170 4599 1351 4672 vnde
1377 4619 1616 4701 petere
1639 4604 1927 4683 verbum
1952 4600 2173 4705 posset
2201 4629 2338 4703 quo
2365 4601 2746 4703 suppleret,
2787 4599 3282 4697 illustraretque
3311 4599 3575 4671 senten·

437 4705 601 4775 tiam
632 4727 711 4775 ex
743 4698 856 4774 lib.
886 4698 1202 4775 videlicet
1228 4707 1352 4790 XI,
1407 4729 1549 4804 cap.
1594 4731 1649 4782 1.
1749 4709 1855 4784 Ibi
1898 4708 2099 4795 enim,
2127 4705 2509 4779 Columella
2552 4703 2857 4798 eiusdem
2899 4703 3247 4802 praecepti
3289 4697 3576 4773 eandem

438 4805 696 4877 causam
729 4804 824 4876 ita
846 4806 1214 4903 proponit:
1270 4806 1429 4905 quia
1464 4808 1615 4900 plus
1656 4815 1724 4881 in
1762 4816 1958 4909 operis
1975 4809 2310 4903 fimorum
2356 4813 2720 4896 amandir,
2783 4831 2990 4903 quam.
3014 4811 3100 4897 in,
3113 4806 3325 4898 pretio
3367 4826 3577 4875 rerum

436 4910 732 4981 eiusmodi
770 4910 1157 4998 dependitur.
1307 4915 1489 4983 Cum
1530 4922 1759 4981 autem
1796 4910 2155 5009 vtrobique
2202 4913 2536 4984 continuo
2577 4907 2803 4994 addat,
2852 4904 3100 5002 quibus
3134 4901 3424 4979 vestibus
3466 4900 3576 4972 ad·

436 5006 665 5080 versus
702 5005 985 5103 frigora,
1032 5025 1104 5084 et
1142 5008 1399 5089 imbres
1438 5009 1691 5089 familia
1715 5010 2085 5089 munienda
2123 5009 2206 5089 fit
2212 5067 2239 5113 2
2278 5009 2652 5109 scribatque
2681 5010 2906 5112 primo
2945 5009 3021 5083 iu
3064 5005 3264 5081 loco:
3312 5005 3577 5099 pellibug

780 5128 793 5137 “
1066 5130 1074 5138 “
1158 5126 1169 5133 ”
2409 5114 2530 5183 Τε
2579 5132 2616 5207 3
2659 5126 2679 5140 “
2753 5120 2760 5127 ’
3009 5124 3021 5135 ”
3149 5128 3158 5133 ·
3236 5104 3575 5190 manicatis,
