4942 6167
858 423 912 495 1.
967 423 1039 495 B.
1091 416 2093 507 MORGAGN1.EPIST.
2143 418 2260 508 IV,
2314 416 2366 509 §.
2406 436 2516 516 34,
2558 440 2666 516 35,
2704 426 2814 519 36,
2855 426 2944 519 37
2976 435 3049 496 et
3084 434 3189 521 38.
3442 452 3609 520 411-
3693 421 3700 429 ’

601 610 694 699 ’5.
730 565 860 704 345-
885 613 1062 700 Veg.
1102 630 1162 703 3,
1225 630 1331 700 153
1380 631 1415 678 2
1454 607 1543 704 sq.
1651 610 1810 705 cap.
1851 628 1938 700 ις
2039 609 2140 680 Et
2155 610 2229 707 st
2265 607 2578 702 dffmlter
2615 612 2875 705 mingit‚
2934 612 3185 709 dgfiaria‘
3231 612 3600 706 appellatur.

429 715 561 788 Sed
581 716 823 810 qnando
843 724 1069 805 guttas
1086 736 1210 803 per
1236 723 1552 781 veretrum
1578 714 1776 780 mittit
1808 734 1940 780 cum
1979 710 2189 779 labore
2207 764 2222 793 ,
2252 710 2635 806 stranguria
2679 715 2929 787 dicitur.
3038 715 3243 807 Quum
3285 718 3351 786 in
3397 712 3603 789 totuin

427 840 554 888 non
574 812 773 909 potest
799 816 1096 909 mingere,
1123 812 1384 910 dysterc‘a
1424 812 1802 904 appellatur.
1901 808 2344 886 Manifestum
2374 808 2487 899 est,
2522 813 2593 883 in
2626 809 2983 910 postremis
3014 812 3234 886 verbis
3265 806 3602 894 mendum

430 911 582 1006 effe,-
611 930 682 988 et
709 914 971 1010 isthuria
1000 939 1131 1012 pro
1165 916 1418 1012 dffsria
1450 909 1949 1010 reponendum.
2127 902 2152 917 '⁶

521 1052 532 1059 ’
639 1042 766 1116 Cui
789 1040 907 1112 hac
935 1043 1186 1112 ratione
1199 1039 1506 1128 [accurris
1524 1063 1548 1109 .·
1599 1041 1674 1110 de
1688 1039 1946 1131 pestere
1986 1063 2177 1112 venas
2196 1042 2443 1136 pungis
2460 1091 2481 1119 ,
2537 1056 2602 1111 et
2626 1037 2999 1138 sanguinem
3039 1057 3332 1140 quantum
3373 1051 3598 1141 videbi·

430 1159 543 1220 tur
574 1143 879 1229 detrahis,
926 1156 992 1214 et
992 1144 1088 1244 fic
1113 1140 1414 1234 accipitur
1440 1141 1878 1213 lauamentum.
1979 1140 2327 1212 Praeterea
2361 1138 2606 1212 manum
2634 1147 2899 1235 tepidam
2938 1170 3071 1215 cum
3116 1148 3249 1218 oleo
3295 1152 3359 1219 in
3406 1175 3593 1221 anum

428 1251 657 1329 mittis,
714 1259 777 1317 et
785 1247 857 1348 fi
880 1269 1005 1340 qua
1012 1243 1292 1341 stercora
1321 1245 1630 1314 inueneris
1657 1246 1865 1329 intus,
1892 1246 2040 1339 quia
2071 1245 2567 1335 impedimentum
2596 1243 2943 1338 praestant,
2989 1247 3282 1325 attrahis.
3386 1247 3591 1321 Vide-

305 1342 318 1351 ’
427 1364 546 1422 tur
571 1344 1001 1419 scribendum
1026 1346 1439 1430 leumnentum,
1472 1357 1544 1414 et
1571 1342 1873 1415 extrahis.
1980 1345 2090 1414 sic
2117 1366 2260 1440 cap.
2292 1352 2384 1436 65
2434 1370 2514 1415 ex
2541 1358 2681 1442 qua*
2707 1349 3121 1444 compcfitione
3157 1375 3365 1423 recens
3406 1352 3588 1447 catfiz

417 1450 773 1547 sanabiturg
800 1468 983 1522 vetus
991 1445 1218 1538 sentiet
1252 1442 1703 1524 levamentum
1739 1459 1811 1515 et
1835 1468 1977 1541 cap.
2012 1468 2047 1539 5
2059 1468 2104 1536 9
2156 1471 2400 1516 manum
2430 1447 2677 1539 vanyn
2705 1451 2783 1519 in·
2800 1474 2980 1520 anam
2998 1453 3236 1541 mittes,
3276 1464 3336 1523 et
3338 1450 3588 1548 stercus

431 1551 752 1638 extrahes,
805 1565 876 1621 et
902 1545 1047 1619 libr.
1091 1570 1114 1619 ι
1156 1571 1211 1617 c.
1237 1566 1321 1641 35
1383 1572 1504 1639 per
1528 1571 1716 1618 anum
1761 1548 1984 1619 iniebia
2015 1572 2204 1618 manu
2212 1546 2453 1644 stercus
2481 1547 2883 1620 extrahatur.

634 1675 940 1773 Bestiolae
964 1701 1124 1771 quae
1154 1675 1534 1766 appellantur
1558 1669 1919 1765 vulpestress
1969 1673 2491 1774 araniaefimiles‚
2522 1699 2652 1744 cum
2682 1678 3014 1748 devoratae
3018 1674 3306 1771 fiterint,
3354 1681 3592 1753 animal

415 1779 812 1877 praefocant.
920 1780 1093 1848 Cum
1123 1774 1289 1847 haec
1315 1778 1492 1845 inter
1522 1799 1600 1845 ea
1632 1773 2105 1861 recenseantur
2137 1782 2307 1875 q'uae
2347 1774 2567 1847 sumta
2592 1777 2849 1847 vtinam
2890 1777 3360 1875 supprimunt3
3427 1806 3589 1878 pro-

432 1884 611 1955 cliue
639 1879 734 1953 est
765 1896 926 1951 cum
951 1877 1248 1949 Matthia
1280 1878 1605 1948 Martinio
1645 1879 1896 1969 [Lexic.
1928 1874 2318 1976 Philolog.]
2349 1874 2766 1967 intelligere,
2816 1877 3245 1951 scribendum
3302 1875 3433 1954 effe
3475 1884 3584 1954 bu·

413 1986 668 2081 prestes,
703 1981 1092 2083 praesertim
1119 2005 1278 2052 cum
1310 1976 1622 2052 sambuci
1640 1975 1926 2050 Codices
1955 1974 2250 2049 habeant
2279 1977 2706 2072 bulprestrae.'
2781 1969 3039 2051 Melius
3070 1980 3272 2052 iidem
3293 1980 3581 2057 Codices

431 2085 690 2160 habent
717 2084 1043 2177 bupreflem
1070 2086 1139 2156 in
1175 2085 1408 2181 capitis
1443 2090 1535 2175 78
1569 2081 2039 2175 inscriptione,
2092 2077 2204 2150 vbi
2240 2077 2502 2150 editum
2533 2077 2786 2164 fuerat3
2837 2080 3417 2177 quemadmodum
3456 2088 3581 2156 ini-

429 2192 529 2261 tio
568 2210 848 2285 quoque
880 2184 1183 2256 eiusdem
1211 2186 1446 2284 capitis
1476 2180 1990 2254 inemendatum
2023 2194 2239 2278 extat3
2293 2180 2650 2277 bastrepem.
2727 2180 2938 2261 Quod
2967 2198 3197 2253 autem
3224 2180 3578 2282 buprestes

429 2288 813 2365 scribuntur
845 2282 974 2357 effe
1005 2292 1298 2374 araniae,
1342 2287 1458 2357 seu
1490 2287 1723 2385 potius
1755 2308 2023 2355 araneae
2061 2278 2340 2368 ssmiles»,
2387 2278 2894 2356 rescribendum
2942 2282 3138 2359 alicui
3177 2280 3448 2358 fortass'e
3485 2288 3580 2360 vi·

428 2390 668 2466 fleatur
691 2389 1099 2465 cantharidis.
1203 2384 1336 2459 Sed
1366 2412 1497 2481 ego
1527 2387 1847 2457 nimirum
1875 2383 2039 2457 nolo
2069 2385 2271 2457 nimis
2306 2380 2573 2459 audere.

635 2521 687 2608 §.
720 2539 830 2611 35.
872 2521 1046 2609 Veg.
1079 2539 1144 2610 3,
1181 2518 1288 2602 16,
1324 2539 1384 2587 ι.
1481 2516 1643 2613 Cap.
1685 2519 1779 2587 16
1880 2538 2050 2586 cerae
2076 2518 2294 2587 vncias
2325 2539 2391 2601 2,
2442 2512 2609 2586 lardi
2636 2514 2856 2587 libram
2896 2539 3125 2599 vnum,
3169 2519 3425 2609 piperis
3464 2540 3576 2589 vn-

431 2619 806 2714 ciam'stmcln
841 2617 1498 2711 piculaesbmiunciam
1519 2617 1963 2710 diligentiffime
1989 2622 2229 2698 tundes,
2329 2619 2591 2687 Hoeiu
2623 2616 2779 2707 loco
2806 2641 2934 2714 pro
2949 2617 3191 2709 piculae
3221 2617 3468 2710 legere,
3497 2630 3576 2691 vt

305 2753 310 2759 ’
427 2726 501 2796 in
529 2722 667 2793 aliis
690 2720 1011 2807 fecicum,
1040 2722 1200 2813 picis
1228 2720 1492 2815 liquidae
1524 2717 1632 2786 vel
1661 2715 1731 2786 id
1760 2716 2028 2788 videtur
2055 2714 2426 2813 prohibere
2455 2716 2646 2814 quod
2688 2715 3185 2808 diligentiffime
3222 2718 3576 2791 tundenda

432 2824 696 2897 dicitur.
791 2819 977 2904 Quid
1009 2843 1175 2911 ergo
1204 2818 1566 2910 legemus?
1607 2815 2081 2888 Animaduerti
2105 2815 2190 2886 ad
2216 2816 2504 2887 solutam
2536 2817 2768 2888 aluum
2798 2816 3355 2911 adstringendam‚
3382 2822 3579 2892 cuius

429 2929 531 3002 rei
559 2927 769 3019 gracia
811 2922 1471 3018 haec,impetantur‚
1516 2919 1888 3009 Vegetium
1935 2914 2049 2990 lib.
2087 2940 2225 3017 τσο.
2252 2923 2298 2989 6
2347 2915 2587 3006 semel,
2645 2933 2850 3016 atque
2888 2921 3141 3007 iterum
3182 2920 3579 2997 lenticulam

429 3023 911 3103 commendare
929 3051 960 3091 :—
1001 3018 1189 3116 quod
1217 3037 1373 3091 ante
1403 3016 1660 3089 fecerat
1676 3022 1882 3111 Corn.
1901 3020 2134 3092 Celsus
2164 3016 2291 3113 [de
2321 3017 2576 3109 Medic.
2610 3018 2652 3091 l.
2678 3041 2733 3110 4
2774 3044 2831 3091 c.
2873 3028 3023 3113 19].
3123 3027 3362 3122 Itaque
3389 3021 3576 3098 haud

426 3131 730 3204 multum
756 3125 836 3197 ab
868 3148 952 3194 eo
984 3120 1250 3207 absum,
1297 3136 1373 3190 vt
1402 3119 1624 3211 legam
1655 3120 1992 3196 lenticulae.
3382 3202 3391 3209 Ι

631 3258 690 3342 §.
724 3259 860 3346 3⁶³
882 3254 1057 3339 Veg.
1091 3270 1151 3340 3,
1192 3269 1297 3339 17.
1337 3282 1342 3293 ·
1401 3250 1560 3346 Cap.
1597 3269 1682 3341 17
1729 3248 2082 3346 linofiabtili
2123 3247 2623 3346 constringuntur
2661 3245 2835 3344 iofize'
2864 3249 3207 3333 Versum,
3253 3254 3319 3323 in
3362 3250 3571 3349 causti·

429 3352 563 3431 ium
593 3358 842 3426 crudum
870 3352 1207 3441 imponitur
1230 3361 1291 3419 et
1295 3346 1521 3445 sponte
1551 3354 1852 3423 decidunt.
1950 3349 2244 3421 Videtur
2275 3349 2678 3443 legendum,
2722 3349 2858 3422 hinc
2897 3350 3228 3449 causticam.

640 3482 693 3569 §.
727 3498 837 3573 37;
878 3481 1049 3569 Veg.
1086 3500 1144 3570 3,
1185 3484 1286 3562 18,
1324 3500 1355 3568 3
1397 3488 1468 3546 et
1504 3497 1568 3568 ς.
1673 3479 1836 3573 Cap.
1879 3484 1961 3556 18
2020 3478 2081 3545 in
2108 3474 2322 3569 crisma
2355 3480 2540 3547 etiam
2555 3498 2873 3573 perunges
2899 3481 2963 3548 in
2972 3476 3121 3574 Jble.
3227 3475 3569 3569 Rescribog

433 3579 815 3682 Synchrssma
844 3583 1053 3666 etiam,
1083 3576 1233 3650 Vid.
1249 3575 1392 3650 libr.
1411 3600 1466 3670 4
1491 3600 1545 3648 c.
1567 3602 1654 3665 27
1680 3591 1752 3648 et
1776 3602 1799 3648 1
1819 3586 1856 3658 8
1893 3574 2079 3675 quod
2112 3579 2205 3648 ita
2237 3573 2651 3649 inscribitur:
2700 3578 3074 3682 Compositio
3083 3578 3468 3679 syncrismae.

443 3794 452 3809 ἱ
641 3710 808 3781 Ίῖιηι·
837 3708 1076 3781 animal
1089 3712 1124 3799 [
1142 3688 1508 3799 claudum]
1548 3704 1808 3804 capistro
1833 3701 2126 3794 trahunt,
2170 3719 2234 3778 et
2243 3701 2462 3804 finfim
2493 3721 2786 3787 currunt,
2837 3706 3002 3777 alius
3041 3706 3240 3778 torum
3266 3708 3368 3779 vel
3377 3680 3567 3800 [unes-³

430 3822 596 3884 tenet
614 3866 632 3893 ,
671 3811 1176 3911 'lafficsfiquitur¹
1219 3828 1279 3884 et
1288 3812 1506 3908 stcbito
1535 3812 1676 3878 dum
1709 3809 1947 3895 animal
1970 3802 2210 3892 currit,'
2241 3807 2414 3880 rebia
2438 3813 2523 3877 ad
2525 3805 2601 3904 fi
2626 3833 2815 3879 coxas
2848 3806 2973 3901 ipse
3003 3833 3135 3881 cum
3166 3812 3397 3901 impetu
3432 3824 3568 3883 tra-

426 3908 552 3996 hit,
578 3912 646 4008 fi
656 3912 976 4005 sonuerit,
1013 3912 1181 4004 fiias
1210 3912 1460 4006 locofico
1508 3908 1743 4008 rediffe.
1848 3909 2193 3998 Conficio,
2253 3905 2344 3980 fic
2375 3905 2508 3981 effe
2547 3907 3084 3982 emendandum:
3161 3910 3323 3986 alius
3353 3912 3574 3995 torum,

426 4014 536 4087 vel
534 4011 735 4107 funes
766 4025 983 4083 tenens
1031 4014 1241 4098 laxos,
1271 4014 1579 4111 fiquitur.

633 4138 689 4225 §.
725 4147 835 4231 38.
894 4141 1070 4228 Veg.
1120 4158 1184 4228 3,
1231 4159 1343 4228 23,
1373 4166 1452 4233 2·
1555 4145 1717 4310 Cap.
1764 4160 1851 4232 ²3
1958 4135 2232 4209 Malleus
2273 4132 2594 4230 [morbus
2625 4139 2944 4234 vocam]
2999 4142 3166 4237 quod
3182 4139 3576 4242 pestilentiae

430 4243 881 4314 interneciuum
909 4241 1257 4333 contagium
1271 4237 1458 4329 facit.
1557 4247 1645 4313 Et
1671 4266 1695 4313 1
1723 4241 1795 4311 in
1821 4235 2142 4311 Sambuei
2166 4236 2334 4311 Cod.
2365 4236 2460 4321 ,est
2490 4243 2773 4313 internae
2798 4240 2976 4336 cansa
3005 4242 3159 4323 cibi,·
3200 4257 3434 4317 tamen
3476 4246 3576 4315 ni-

435 4342 811 4415 hilominus
837 4334 1105 4409 videtui·
1133 4335 1506 4429 legendum
1555 4345 2008 4416 interneciuum.

455 4542 460 4549 ,
639 4466 973 4537 Potionem
997 4466 1307 4553 componis
1333 4462 1712 4539 huiusmodi:
1767 4468 1991 4539 Gallici
2019 4466 2122 4537 lib.
2152 4489 2359 4552 imam,
2406 4464 2645 4561 hffpi
2670 4468 2889 4539 libram
2927 4490 2987 4557 r,
3029 4472 3317 4542 abrotani
3359 4472 3581 4543 libram

424 4568 633 4664 semis,
671 4563 1057 4661 aristologiae
1083 4567 1384 4634 rotundae
1407 4565 1505 4635 lib.
1513 4566 1723 4660 semis,
1748 4592 2006 4641 mannae
2014 4565 2263 4661 stcccari
2307 4570 2517 4639 vncias
2551 4590 2613 4660 3,
2660 4574 2997 4668 trixaginis
3037 4574 3248 4643 ancias
3294 4592 3354 4663 3.
3452 4574 3585 4640 vix

442 4665 892 4742 dubitandum
907 4664 1175 4735 videtur
1204 4664 1371 4759 quin
1400 4682 1558 4736 ante
1578 4670 1797 4740 Gallici
1811 4694 1940 4741 vox
1967 4667 2187 4765 aliqua
2214 4666 2669 4754 interciderit3
2719 4695 3051 4768 quaenam
3080 4686 3307 4743 autem
3339 4694 3417 4740 ea
3442 4669 3588 4742 fue-

442 4773 563 4859 rit3
594 4763 866 4840 difficile
895 4764 989 4838 est
1016 4765 1335 4836 diuinare.
1433 4769 1585 4837 Silis
1618 4769 1877 4856 Gallici,
1907 4785 1982 4842 vt
2008 4770 2164 4840 alias
2193 4768 2276 4840 ad
2306 4785 2377 4843 te
2404 4767 2803 4869 scripfimus,
2845 4770 2999 4843 alibi
3025 4775 3375 4845 inuenitur
3406 4776 3593 4846 menss

444 4873 543 4943 tio
574 4867 754 4967 apud
771 4871 1156 4962 Vegetium.
1230 4869 1450 4941 Nardi
1474 4880 1703 4938 autem
1733 4872 1958 4941 Gallici
1991 4866 2410 4965 [Scribonius
2429 4872 2745 4969 Compos.
2763 4870 2954 4942 Med.
2982 4896 3115 4966 177
3149 4873 3433 4947 nardum
3465 4876 3597 4959 cel-

448 4974 653 5043 ticam
693 4973 926 5065 vocat]
973 4968 1154 5070 apud
1197 4970 1474 5042 Celsum
1509 4969 1601 5063 [l.
1627 4991 1660 5058 5
1706 4991 1759 5035 c.
1787 4992 1870 5059 ις
1907 4968 2054 5040 sest.
2088 4972 2211 5057 6]‚
2273 4972 2731 5044 Columellam
2781 4972 2968 5066 [l.12
3003 4998 3057 5045 c.
3087 4982 3247 5067 20],
3303 4979 3600 5048 Plinium

456 5077 666 5170 [Nat.
695 5069 923 5146 Histl.
948 5095 977 5146 1
995 5099 1029 5147 2
1054 5097 1110 5146 c.
1140 5098 1220 5149 ιι
1257 5072 1300 5145 l.
1321 5098 1358 5148 2
1378 5097 1405 5148 1
1433 5076 1675 5162 c.20],
1705 5067 2010 5167 aliosque
2044 5067 2141 5139 est
2167 5074 2450 5143 mentio.
2555 5072 2660 5143 Ad
2689 5073 2876 5145 hunc
2900 5075 3134 5148 locum
3162 5095 3391 5149 tamen
3420 5077 3600 5148 vide·

1775 5222 1782 5227 -
2049 5190 2056 5197 ·
2093 5188 2102 5203 ·
2500 5171 2615 5244 Ff
2631 5172 2667 5246 f
2708 5198 2747 5247 ι
2880 5194 2887 5202 ·
3060 5216 3067 5225 ·
3420 5176 3437 5189 “
3490 5193 3606 5249 tur
