4942 6167
1004 457 1334 577 Alma
1393 403 2254 532 VETERI'NARIAE
2301 455 2544 534 SIVE
2609 457 3047 540 MvLoM.
3467 477 3604 570 ης
3706 457 3714 465 ’

439 643 578 720 Sed
606 645 914 745 primum
943 641 1030 715 de
1063 645 1344 716 matrice
1378 641 1728 716 tollendus
1761 640 1856 716 est
1885 633 2283 739 sanguinet
2303 635 2477 717 ἰα-ἴ
2500 661 2699 721 aceto
2729 643 3298 742 commiscendus,
3336 649 3607 730 ‘aetate
3662 691 3723 762 g

441 746 880 822 inducendus
919 743 1020 817 est
1051 748 1359 844 corpori.
1458 743 1694 818 Postea
1737 743 1825 817 de
1853 747 2081 845 palato
2101 804 2120 836 ,
2175 763 2282 836 et,
2326 745 2375 819 fi
2416 750 2591 821 vires
2634 754 3065 848 permiserint
3093 769 3150 842 ⁹,
3198 752 3287 827 de
3324 762 3607 831 caeteris

445 852 637 936 lociS,
683 873 855 947 quae
881 845 1167 920 morbus
1196 842 1483 934 infestat,
1527 873 1658 946 pro
1689 847 1901 920 modo
1932 870 2011 920 ac
2034 844 2066 893 ‘¹
2092 864 2414 949 tempore
2449 852 2860 926 minuendus
2888 851 2985 927 est
3014 855 3299 950 sang-uis,
3342 873 3418 931 et
3443 882 3605 932 cum

443 968 641 1024 aceto
668 950 935 1022 rursum
963 945 1446 1048 imponendus.
1549 948 1723 1020 Pulli
1751 963 1982 1022 autem
2000 973 2038 1022 a
2067 966 2285 1022 matre
2312 949 2594 1050 depulsi,
2628 953 2798 1026 etad
2823 953 3075 1028 stabula
3099 959 3382 1052 religati,
3409 963 3609 1059 prae-'
3656 993 3696 1062 3

437 1056 651 1151 'cipue
689 1051 913 1125 solent
940 1051 1131 1123 hunc
1165 1047 1487 1134 morbum
1521 1052 1887 1123 incurrere.
1947 1055 2145 1149 quiae
2179 1049 2462 1146 digestio
2488 1052 2638 1142 cibi,
2667 1081 2801 1153 qua
2828 1059 2898 1128 in
2932 1059 3189 1157 pascuis
3210 1059 3580 1135 vtebantur

441 1157 701 1329 girum
741 1154 1235 1227 exercitationis
1265 1147 1294 1196 f
1330 1149 1634 1223 aufertur
1663 1162 1713 1239 ⁸,
1733 1241 1742 1250 .
1759 1165 1833 1223 et
1857 1151 2170 1243 nondum
2220 1152 2301 1226 ad
2340 1151 2774 1228 residendum
2812 1155 3097 1248 robusti,
3145 1159 3228 1233 ad
3256 1164 3487 1261 praese
3536 1117 3598 1236 iai

568 1282 607 1326 e
639 1267 1005 1349 coguntur.
1100 1249 1560 1352 Elephantiosi
1587 1250 1853 1340 morbo,
1890 1269 1962 1326 et
1981 1253 2308 1328 omnibus
2340 1256 2565 1329 mallei
2646 1256 3024 1348 affionibus,
3049 1283 3193 1334 non
3220 1263 3439 1336 solum
3462 1187 3585 1337 dpia'
3650 1300 3699 1366 4

439 1371 687 1459 pente,
739 1359 932 1429 cuius
965 1357 1445 1454 experimentis
1481 1350 1512 1399 ὴ
1555 1352 2020 1428 indubitataei
2064 1357 2223 1429 sunt
2260 1359 2468 1445 vireS,
2513 1374 2585 1431 et
2672 1351 2834 1431 -fine
2877 1388 3015 1460 quo
3057 1363 3247 1435 mulo
3289 1365 3599 1437 medicus

439 1458 728 1532 mutilus
759 1453 890 1545 est,
918 1456 1034 1531 sed
1059 1458 1230 1529 haec
1258 1481 1539 1555 quoque
1561 1459 1795 1556 portio
1826 1482 1990 1556 prae
2039 1457 2280 1530 aranda
2298 1476 2503 1557 atque
2530 1461 2885 1534 seruanda:
2935 1465 3189 1535 Mirr-ae
3216 1468 3555 1559 trigonitis
3578 1464 3597 1516 ¹
3654 1487 3695 1554 ς

440 1558 682 1634 libram
720 1581 779 1647 1,
805 1559 1027 1632 thuris
1055 1559 1328 1633 masculi
1356 1558 1468 1632 lib.
1507 1580 1564 1646 1,
1595 1560 1760 1630 corii
1788 1571 1840 1603 ¹¹¹
1873 1583 1944 1630 m
2011 1562 2036 1629 i
2063 1563 2299 1631 Punici
2342 1559 2686 1648 selibram,
2728 1565 2987 1662 piperis
3010 1567 3277 1636 vnciam
3318 1588 3374 1653 1,
3412 1570 3599 1641 croci

442 1665 666 1736 vncias
696 1673 730 1707 ¹²
765 1666 831 1748 6,
864 1663 1121 1734 acaciae
1151 1660 1342 1734 rufae
1370 1659 1695 1747 selibram,
1732 1657 2045 1732 absinthii
2070 1674 2102 1706 ⁰
2141 1664 2402 1734 Pontici
2435 1661 2773 1750 selibram,
2818 1663 3064 1764 serpilli
3095 1663 3336 1739 libram
3371 1690 3429 1755 1,
3480 1667 3597 1741 be·-

443 1768 716 1837 tonicae
745 1759 988 1834 libram
1025 1786 1081 1850 1,
1109 1773 1509 1836 centaureae
1543 1761 1783 1836 libram
1823 1787 1878 1850 1,
1909 1763 2208 1863 sagapini
2241 1777 2274 1826 Ρ
2302 1767 2529 1837 vncias
2552 1765 2997 1861 3,—saxifragae
3023 1770 3249 1840 vncias
3268 1780 3302 1830 ‘1
3330 1773 3401 1856 6,
3430 1793 3597 1868 peu-

361 1861 390 1879 *
444 1864 682 1939 eedani
709 1875 734 1909 ²
759 1868 988 1937 vncias
1019 1871 1100 1939 6:
1155 1865 1327 1937 haec
1355 1867 1586 1936 omnia
1613 1865 1756 1937 tusa
1786 1879 1858 1937 et
1886 1863 2065 1937 bene
2097 1862 2399 1953 cribrata,
2447 1891 2606 1939 cum
2636 1880 2659 1911 ⁸
2702 1865 2909 1940 melle
2936 1872 3205 1968 optimo
3230 1868 3598 1969 decoques,
3649 1882 3698 1952 6

355 1971 364 1980 ”
444 1983 516 2041 et
541 1970 612 2040 in
644 1976 668 2013 ²
706 1967 858 2040 vase
887 1970 1105 2040 vitreo
1147 1968 1259 2039 vel
1305 1964 1579 2060 stagneo
1613 1977 1643 2011 ²¹
1683 1967 2037 2042 recondita
2060 1978 2093 2014 ⁸
2133 1963 2444 2040 seruabis.
2517 1991 2678 2041 nam
2722 1995 2850 2069 per
2872 1983 2904 2026 Υ
2941 1969 3345 2044 vetustatem
3382 1975 3597 2067 magia
3660 2047 3673 2070 ‚
3715 2048 3719 2054 ,
3751 2062 3759 2076 ι

343 2123 358 2150 ,
440 2071 639 2143 valet.
738 2074 837 2141 Ex
868 2095 1026 2168 quo¹
1045 2068 1549 2142 medicamento
1579 2065 1844 2162 singula
1868 2069 2247 2143 cochlearia
2277 2070 2636 2158 cumulata,
2680 2068 2958 2164 singulis
2991 2069 3387 2146 animalibus
3415 2099 3599 2146 mor-

440 2170 653 2258 bidis,
683 2195 846 2244 cum
870 2183 900 2217 ²
950 2173 1232 2245 sextario
1261 2196 1474 2268 aquae
1504 2170 1786 2257 calidae,
1840 2186 1912 2243 et
1938 2168 2154 2243 tribus
2183 2172 2394 2243 vnciis
2425 2172 2563 2243 olei
2593 2176 2839 2271 optimi
2865 2175 3200 2272 permixta
3226 2188 3271 2262 ⁸,
3362 2201 3439 2246 er
3479 2176 3597 2247 tri·

3759 483 3793 517 ἱ

443 2273 662 2348 duum
691 2271 893 2345 dabis.
996 2271 1132 2347 Vbi
1157 2272 1496 2373 proficere
1522 2273 1831 2371 coeperit
1855 2268 1906 2359 Β,
1945 2296 2105 2343 cum
2137 2285 2165 2316 ⁶
2207 2273 2368 2344 vino
2403 2275 2672 2374 optimo
2704 2287 2776 2345 et
2805 2275 2963 2346 oleo
3000 2272 3217 2361 dabis,
3261 2277 3286 2364 (
3329 2286 3471 2347 icut
3499 2274 3594 2348 di·
3650 2297 3698 2371 7
3784 2257 3791 2268 ¹

445 2372 633 2449 &um
662 2378 795 2447 iam
820 2371 850 2420 ‘¹
903 2372 1044 2471 est)
1077 2375 1455 2448 cochlearia
1483 2370 1745 2466 singula
1774 2376 2116 2446 continuis
2145 2371 2403 2445 diebus.
2514 2379 2611 2446 Ex
2654 2400 2787 2472 qua
2814 2377 3135 2474 potione,
3187 2401 3332 2447 non
3368 2379 3597 2449 minus

493 2503 653 2550 uam
677 2490 702 2521 ⁸
731 2476 1050 2576 diapente
1079 2475 1389 2577 quolibet
1417 2473 1664 2548 morbo
1698 2489 2012 2574 correpta
2038 2475 2345 2547 animalia
2371 2472 2762 2548 liberantur.
2860 2477 3039 2549 Pulli
3068 2478 3093 2532 f
3129 2492 3362 2554 tamen
3388 2476 3600 2552 bene⁴

447 2505 603 2655 geio
628 2581 862 2653 aetatis
901 2579 1204 2653 euadunt
1229 2580 1332 2656 fac
1353 2579 1523 2651 lius:
1571 2579 1770 2677 saepe
1795 2579 2085 2651 incur-ati
2111 2579 2523 2650 moriuntur.

645 2739 895 2810 XVII.
996 2762 1044 2807 ι
1064 2761 1113 2807 A
1145 2759 1316 2835 quae
1346 2733 1472 2807 ad·
1499 2731 1724 2806 morbi
1752 2732 1976 2805 mallei
1995 2715 2381 2803 'execrabilis
2407 2726 2883 2805 curationemb
2910 2730 3362 2833 pertinebant,
3393 2733 3602 2810 abun·

445 2838 685 2913 danter
711 2834 970 2910 constat
995 2834 1309 2937 exposita.
1413 2835 1548 2908 Sed
1563 2850 1753 2909 tanta
1775 2837 1873 2908 vis
1889 2830 2094 2934 ipsius
2114 2830 2338 2905 morbi
2363 2829 2477 2921 est,
2507 2848 2583 2906 vt
2610 2834 2785 2906 nihil
2814 2858 2893 2905 ex
2947 2833 3130 2908 ediat
3155 2839 3400 2910 omitti.
3441 2863 3602 2930 nam„
3684 2835 3693 2844 ⁴

337 3022 355 3030 ο
445 2963 736 3037 gregum
771 2943 840 3012 in
873 2940 1129 3038 pascuis
1157 2936 1460 3011 funestus
1486 2939 1820 3025 interitus,
1851 2935 2238 3009 animalium
2261 2961 2545 3034 quoque
2566 2937 2680 3007 iuc
2706 2860 2973 3008 stabulis
3004 2953 3263 3011 mortes
3290 2941 3602 3014 innumeae

442 3070 584 3131 rae,
639 3070 718 3115 ex
743 3039 946 3141 ipsius
977 3044 1391 3135 contagione
1422 3041 1874 3140 proueniunt,
1910 3054 1980 3112 et
2008 3036 2089 3110 ab
2122 3039 2490 3137 imperitis,
2538 3038 2647 3109 vel
2677 3037 3182 3132 negligentibus
3225 3064 3456 3116 curam
3482 3053 3601 3114 aut

445 3145 714 3218 diuinae
739 3142 1119 3216 iracundiae
1148 3145 1530 3242 imputatur
1557 3139 1609 3228 d,
1658 3156 1775 3213 aut
1801 3139 1943 3213 fato
1970 3149 2016 3209 ².
2088 3141 2407 3236 Denique
2431 3134 2603 3209 ficut
2626 3137 2865 3237 supraf
2893 3137 3307 3214 declaratum
3338 3137 3465 3230 est,
3515 3139 3596 3214 ab
3658 3171 3702 3223 2
3814 3119 3823 3128 ⁸

442 3267 579 3321 vno
624 3246 896 3319 animali
935 3247 1178 3346 incipit
1230 3245 1368 3344 ipsa
1415 3244 1782 3343 pernicieS,
1854 3259 1927 3314 et
1976 3236 2368 3311 festinanter
2426 3235 2509 3308 ad
2551 3255 2980 3312 caeterorum
3022 3238 3256 3315 transit
3300 3245 3598 3326 exitium,

443 3353 812 3450 Propterea
837 3348 1106 3448 semper
1134 3357 1165 3406 8
1206 3347 1362 3419 sunt
1390 3341 1882 3445 separanda,xin
1914 3333 2161 3440 quibus
2187 3340 2473 3441 suspicio
2502 3353 2726 3412 tantae
2808 3337 2958 3412 estis
2988 3346 3297 3442 coeperit
3326 3368 3601 3443 appare-
3659 3373 3701 3445 3

447 3478 556 3540 re,
579 3477 789 3550 vsque
814 3475 920 3537 e0,
949 3466 1025 3523 vt
1055 3452 1256 3521 etiam
1287 3472 1576 3547 corpora
1603 3460 2039 3544 mortuorum
2067 3442 2478 3526 animalium,
2508 3466 2681 3548 quae
2711 3366 2840 3512 agh
2868 3441 2987 3514 illo
3017 3441 3263 3517 morbo
3282 3447 3604 3538 interem3

449 3568 520 3626 ta
543 3553 827 3640 suerint,
858 3549 1273 3651 exportanda
1299 3546 1432 3622 {int
1455 3547 1540 3620 ad
1567 3575 1645 3620 ea
1672 3548 1838 3635 loca,
1865 3569 1990 3644 per
2020 3568 2192 3642 quae
2219 3543 2539 3615 aliorum·
2568 3542 2966 3614 animalium
2994 3542 3306 3629 transitus
3340 3570 3484 3617 non
3501 3542 3604 3638 fit,

447 3672 520 3727 et
543 3647 955 3755 profunde*
998 3651 1352 3726 obruenda
1379 3646 1546 3724 sub¹
1585 3665 1782 3722 terra.
1886 3650 2076 3718 Nam
2129 3660 2202 3716 et
2236 3645 2591 3730 vinorum,
2639 3668 2810 3742 quae
2840 3661 3160 3744 corrupta
3198 3645 3487 3732 fuerint,
3520 3661 3607 3718 ct
3674 3717 3685 3728 ,

443 3759 884 3831 mortuorum
913 3752 1341 3826 foetidissimo
1373 3750 1587 3824 odore
1605 3808 1621 3838 ,
1653 3751 1804 3823 sana
1830 3752 2054 3848 primo
2087 3757 2133 3791 “¹
2165 3749 2473 3818 iumenta
2498 3759 3037 3842 corrumpuntur
3065 3757 3096 3790 ¹²
3128 3760 3200 3818 et
3227 3762 3524 3846 pereunt
3551 3757 3625 3817 ⁰..
3670 3737 3693 3756 ⁴

445 3863 657 3935 Cuius
689 3853 914 3932 morbi
940 3857 1180 3944 causas,
1208 3855 1489 3958 plurimi
1513 3851 2081 3926 mulomedicinae
2110 3844 2422 3922 austeres
2454 3844 2745 3919 reddere
2760 3861 3219 3938 tentauerunt,
3245 3841 3601 3921 afferentes
3659 3889 3708 3960 4

3514 3975 3603 4023 ex

445 4132 578 4215 msc.
597 4137 744 4196 S.M.
825 4132 882 4204 c)
902 4130 1194 4209 patiuntur
1220 4131 1277 4188 S.
1292 4131 1375 4188 M.
1452 4127 1511 4202 d)
1538 4147 1603 4183 ac
1619 4137 1854 4203 tempore
1874 4137 1992 4184 om.
2069 4137 2184 4182 ner.
2223 4155 2234 4162 ·
2257 4123 2316 4216 e)
2343 4120 2555 4180 meritis
2579 4122 2633 4179 S.
2647 4120 2759 4177 M.·
2807 4117 2872 4194 f)
2888 4117 3136 4199 superfui-
3163 4099 3237 4180 ζ’.
3300 4120 3362 4200 g)
3388 4119 3570 4198 esuis

447 4231 569 4271 ιε.
597 4213 651 4272 S.
665 4213 747 4267 M.
824 4209 879 4278 e)
952 4205 1044 4261 uia
1071 4235 1167 4248 ·——
1194 4205 1488 4264 vtebamnr
1512 4221 1627 4260 om.
1654 4219 1711 4258 v,
1745 4219 1793 4257 c.
1819 4201 1873 4256 S.
1902 4197 1985 4255 M.
2061 4196 2447 4275 parandesunt
2487 4197 2546 4252 C.
2624 4197 2692 4251 Et
2712 4207 2785 4271 pr
2846 4209 2937 4252 ter
2956 4199 3051 4256 boc
3060 4196 3275 4273 semper
3294 4139 3607 4274 repella-»dt

445 4287 480 4345 f
489 4293 513 4359 )
551 4227 954 4342 excitationisg.
969 4281 1050 4337 M.
1128 4279 1188 4354 gi
1218 4276 1442 4351 [modus]
1487 4276 1586 4335 ins.
1601 4278 1658 4333 S.
1726 4276 1792 4346 h)
1805 4274 1986 4350 exprs'z·
2059 4271 2190 4346 sunt
2203 4273 2271 4326 ab
2286 4270 2413 4330 aelt’is
2421 4265 2517 4323 illa
2530 4271 2586 4325 S.
2602 4271 2684 4325 M.
2764 4207 2891 4339 hosa
2903 4272 3080 4326 morbo
3093 4275 3268 4326 eodem
3285 4274 3345 4327 0.
3418 4271 3465 4341 i)
3478 4268 3608 4326 aliis

448 4360 620 4418 me'nn‘
647 4361 704 4417 S.
733 4359 815 4416 Μ.
891 4356 935 4426 i)
961 4350 1147 4428 Pe'rgit
1163 4354 1283 4409 MS.
1316 4353 1469 4407 Corb.
1549 4350 1610 4421 k)
1635 4362 1692 4404 et
1706 4379 1763 4395 -
1777 4345 1852 4425 est
1870 4367 1983 4404 om.
2066 4345 2384 4400 animalibus
2423 4344 2486 4398 C.
2603 4340 2665 4413 k)
2703 4345 2989 4401 altitudine
3028 4347 3081 4401 S.
3109 4347 3197 4401 M.
3247 4338 3492 4413 altiffi'mo
3538 4345 3603 4402 C.

452 4440 513 4496 C.
546 4451 601 4492 et
626 4434 684 4491 S.
714 4433 801 4490 M.
895 4429 940 4501 l)
969 4426 1233 4500 troglitaee
1257 4428 1309 4483 S.
1339 4427 1440 4490 M„
1473 4422 1794 4500 troglodytis
1831 4420 1982 4479 coni.
2068 4420 2118 4492 Ι)
2135 4419 2490 4502 subter-pana
2518 4415 2621 4490 [ne
2645 4415 3030 4491 inculcatum]
3057 4432 3113 4474 et
3135 4418 3246 4477 viu.
3277 4422 3337 4476 C.
3365 4417 3537 4492 quae.
3562 4415 3604 4476 fi

444 4509 688 4583 Margus
697 4510 755 4574 V,
773 4524 824 4576 ς.
902 4507 987 4569 m)
1016 4499 1216 4557 corium
1251 4502 1309 4556 C.
1378 4501 1446 4568 n)
1472 4522 1610 4563 3-
1642 4499 1703 4554 C.
1784 4498 1847 4568 o)
1875 4489 1988 4584 abs.
2074 4492 2373 4551 attenderis
2392 4528 2411 4557 ‚
2444 4490 2576 4548 sunt
2600 4489 2709 4564 ipsa
2731 4491 2903 4549 leffio
2933 4493 3121 4550 nostra
3144 4494 3291 4554 male
3329 4490 3532 4556 diuisa,
3560 4503 3605 4565 p

436 4585 538 4665 sel.
561 4601 679 4640 om.
713 4583 772 4638 C.
850 4577 911 4651 p)
926 4575 1121 4665 sugaep.
1149 4575 1213 4632 C.
1231 4572 1475 4650 serapim·
1496 4575 1550 4629 S.
1573 4574 1686 4630 M.·
1755 4573 1819 4647 q)
1838 4568 1992 4646 [eleb.
2075 4586 2179 4643 pro
2203 4585 2238 4621 r
2262 4561 2475 4640 pofito,
2530 4565 2686 4639 quod
2710 4565 2941 4643 longius
2979 4566 3302 4642 protrahere
3326 4564 3606 4622 solebant.

446 4661 499 4732 t)
565 4651 819 4714 encedane·
834 4650 984 4727 sehb.
1019 4653 1077 4708 C.
1117 4647 1409 4725 peucedani
1430 4649 1487 4705 S.
1517 4647 1601 4703 M.
1640 4643 1910 4721 θηρᾶσαι·
1933 4643 1992 4699 F.
2074 4640 2288 4700 Vltima
2310 4637 2468 4697 litera
2491 4638 2554 4696 in
2582 4655 2709 4694 nam
2724 4658 2825 4715 per
2844 4638 3207 4699 transuersam
3224 4638 3288 4698 in
3311 4638 3608 4695 uindicata

447 4674 576 4792 vics.
602 4733 859 4805 Morgag.
880 4726 978 4790 IV,
992 4741 1034 4792 ς.
1077 4742 1135 4781 et
1162 4722 1286 4779 add.
1329 4725 1450 4795 ναξ.
1477 4740 1524 4786 ι,
1544 4739 1562 4776 ι
1576 4731 1626 4793 3,
1643 4733 1689 4791 5.
1764 4719 1818 4790 s)
1840 4736 1910 4774 ex
1927 4719 1987 4782 C.
2077 4733 2206 4773 cum
2227 4711 2484 4788 periisset,
2525 4729 2593 4768 ne
2616 4713 2961 4772 inculcatum
2986 4731 3059 4773 et·
3083 4715 3149 4772 ad
3174 4713 3320 4771 illud
3358 4731 3502 4788 quae
3527 4711 3611 4768 se-

449 4811 497 4884 t)
523 4807 580 4864 fn
609 4806 803 4864 om,C.
879 4805 941 4864 u)
954 4797 1190 4876 stanneo
1214 4799 1273 4856 C.
1301 4809 1356 4851 et
1385 4796 1440 4850 S.
1456 4795 1538 4850 M.
1579 4795 1664 4867 ·x)
1687 4791 1904 4850 condita
1933 4794 1992 4848 G.
2080 4803 2329 4866 quuntur
2341 4786 2753 4848 accommodata
2771 4787 2915 4845 sunt.
2990 4791 3071 4859 m)
3089 4789 3315 4864 priusC.
3384 4787 3450 4858 n)
3471 4801 3609 4843 com.

450 4886 516 4959 y)
543 4876 814 4956 vetustate
839 4872 1060 4950 amplius
1083 4872 1199 4929 val.
1234 4873 1293 4928 G.
1370 4863 1429 4940 z)
1456 4866 1512 4921 in
1538 4868 1597 4923 C.
1621 4881 1638 4886 ·
1697 4871 1752 4936 a)
1780 4865 1998 4923 mixtim
2073 4867 2326 4942 pleafltur
2363 4859 2421 4918 δ’.
2494 4862 2745 4919 Verbum
2771 4881 2897 4920 non
2941 4865 3150 4920 malurn
3176 4859 3243 4919 ad
3280 4862 3610 4938 contagium

455 4958 509 5014 S.
531 4958 617 5013 M.
697 4955 758 5023 b)
786 4947 1050 5024 coeperint
1065 4949 1116 5003 S.
1195 4947 1250 5018 c)
1276 4961 1342 5002 ex
1360 4946 1418 5001 C.
1434 4944 1489 4998 S.
1501 4942 1582 4997 M.
1659 4940 1717 5011 d)
1746 4942 1852 4996 iam
1881 4961 1995 4998 om.
2077 4936 2528 5017 significandum:
2564 4934 2639 4992 ita
2651 4935 2862 5012 impleri
2872 4937 3015 4994 dixit
3036 4936 3155 4993 Liu.
3174 4948 3425 5009 4530„ex
3446 4935 3614 4992 Thu-

458 5033 521 5087 C.
591 5035 650 5098 e)
683 5045 751 5082 ex
779 5025 956 5080 inte.
1045 5022 1110 5092 f)
1136 5020 1285 5079 Pulli
1321 5053 1420 5066 —-
1464 5014 1768 5071 liberantur
1795 5031 1906 5070 om.
1940 5015 1997 5071 C.
2079 5013 2298 5089 cydidis
2322 5017 2728 5079 ἂνπίμπλιμοκ.
2799 5010 2976 5069 Etiam
3014 5010 3124 5066 hnc
3155 5010 3441 5067 retulerim
3468 5003 3635 5064 illud·

455 5121 512 5162 et
538 5103 741 5161 v.c.·S.
771 5100 858 5157 M.
1053 5097 1159 5172 [C.
1190 5090 1397 5168 xvn.]
1509 5092 1564 5162 a)
1592 5103 1774 5141 curam
1801 5087 1902 5143 ins.
1935 5089 1996 5144 C.
2083 5089 2207 5144 Liv.
2244 5106 2290 5151 ι,
2315 5094 2388 5152 4⁶
2458 5082 2856 5159 Adolefientem
2880 5083 3020 5164 suae
3051 5083 3379 5142 temeritatis
3414 5081 3617 5157 implet«

458 5181 521 5255 b)
550 5185 728 5237 cuiun.
765 5192 882 5229 om:
915 5172 975 5229 C.
1050 5169 1106 5246 c)
1133 5169 1191 5226 in
1211 5187 1323 5248 qm.
1339 5171 1401 5229 C.
1477 5165 1542 5241 d)
1566 5162 1716 5223 forte
1737 5159 2006 5239 Impurata·
2086 5165 2150 5235 ο)
2168 5171 2398 5237 μνσαηε
2432 5160 2517 5218 C..
2848 5183 2857 5194 ·
3200 5209 3215 5220 .
3298 5201 3309 5212 ,
3602 5183 3621 5198 ..

671 5250 825 5311 Tam.
858 5247 939 5304 ΙΙ.
1923 5281 1938 5288 -
2637 5230 2741 5293 Aa
3433 5224 3495 5302 p)
3529 5220 3625 5281 vel

3533 5541 3545 5602 1
