4942 6167
2768 159 2801 178 Χ

1039 499 1366 626 ARTIS
1410 498 2255 576 VETERINARIAE
2300 499 2539 576 slva
2584 457 2905 576 MVLo
2944 503 3046 578 M.
3244 443 3259 596 ³.
3358 443 3363 448 ¹
3486 523 3622 580 221

455 697 771 799 comples
792 752 810 784 ,
860 707 934 766 et
959 688 1281 765 fasciabis.
1336 690 1537 768 tertia
1565 688 1677 761 die
1718 685 1975 775 solues,
2030 701 2101 759 et
2130 685 2434 762 similiter
2469 682 2731 760 curabis
2760 709 2887 785 per
2915 686 3057 760 dies
3091 709 3168 781 5,
3217 684 3440 774 donec
3484 686 3620 760 fer·

451 832 585 881 vor
611 798 882 876 desinat.
947 791 1100 893 post
1141 794 1545 865 traumatico
1585 794 1808 866 vteris
1913 787 2312 864 Catastolico
2357 803 2645 889 qtroque‘
2675 789 3176 863 medicamento
3221 789 3612 864 nbraturam
3720 839 3735 848 -

456 910 638 981 cutis
659 898 1054 982 .consumi8,
1124 921 1331 994 quam
1358 908 1385 939 ‘³
1426 892 1546 965 diu
1589 891 1950 993 limpidum
1993 893 2239 966 vulnus
2287 909 2567 966 curetur
2605 907 2678 964 et
2717 890 3147 990 adaequetur.
3248 890 3461 975 Quod
3490 889 3520 936 ‘¹
3563 887 3611 964 si
3673 888 3710 956 3

455 1010 684 1112 ipsum
709 1030 786 1076 os
814 1000 1379 1092 concarnarinon
1412 997 1736 1094 potuerit,
1767 1011 1909 1067 tam
1943 993 2066 1068 diu.
2099 995 2353 1078 cotidie
2381 993 2717 1067 eradicato
2749 1008 2775 1038 e
2816 993 3041 1067 donec
3062 996 3421 1085 sanguinet
3450 995 3475 1037 f
3510 1008 3608 1064 at·

455 1136 600 1212 que
634 1118 1035 1187 concarnet,
1088 1102 1185 1171 ita
1221 1113 1297 1171 vt
1339 1097 1834 1172 medicamenta
1890 1101 2338 1189 congruentia
2373 1098 2640 1176 vulneri
2683 1099 3011 1195 imponas,
3117 1094 3329 1179 Quod
3367 1093 3414 1166 si
3455 1090 3608 1193 post

455 1215 808 1289 sanitatem
837 1203 1030 1278 causa
1055 1201 1296 1309 eadem
1324 1200 1620 1274 crescere
1637 1215 1666 1258 ⁸
1707 1201 2045 1295 coeperit,
2087 1194 2358 1297 punEiis
2377 1197 2409 1245 ¹¹
2438 1202 2737 1272 canterio
2766 1196 3100 1272 subtiliter
3125 1201 3359 1274 vrito.-
3424 1201 3606 1268 Ocu-

451 1317 687 1392 lorum
717 1307 1058 1409 epiphora
1087 1315 1102 1346 ¹
1141 1301 1318 1378 infra
1358 1302 1637 1376 oculum
1678 1294 2015 1386 detrastus
2061 1301 2327 1394 sanguis
2371 1300 2723 1389 emendat,
2786 1297 2832 1372 fi
2881 1301 3087 1398 vsque
3131 1299 3215 1372 ad
3256 1300 3605 1370 sanitatem

453 1417 664 1492 melle
693 1413 963 1512 optimo
993 1408 1367 1499 inungatur
1390 1402 1653 1477 affidue.
1758 1408 2109 1474 Praeterea
2137 1403 2410 1501 prodest
2447 1403 2671 1477 eidem
2699 1400 3011 1502 paffioni:
3064 1401 3383 1500 myrrhae
3430 1425 3603 1498 pon·
3660 1408 3707 1475 4

458 1520 584 1594 dus
615 1515 872 1589 denarii
898 1510 1126 1595 vuius,
1174 1505 1503 1579 crocodili
1529 1502 1836 1580 stercoris
1864 1505 2332 1594 semiunciam,
2375 1507 2517 1579 salis
2550 1502 2960 1578 armoniaci¹
2993 1503 3462 1586 semiunciam,
3506 1501 3604 1573 se·

457 1626 608 1734 piae
637 1614 880 1690 offium
910 1611 1361 1696 semiunciam,
1413 1606 1633 1680 mellis
1666 1609 1941 1679 Atticim
1971 1606 2253 1703 cyathos
2292 1635 2366 1681 2:
2395 1633 2500 1680 ·ex
2522 1605 2765 1706 quibus
2786 1604 3118 1679 omnibus
3152 1600 3363 1682 tunsis
3399 1617 3602 1698 atque

364 1797 370 1802 ,
457 1719 810 1826 permixtis
826 1712 1102 1789 oculum
1129 1734 1493 1810 perunges.
1541 1713 1840 1801 Magnae
1866 1707 2260 1806 lippitudini
2277 1708 2637 1782 adhibetur
2666 1707 2799 1780 tale
2815 1706 3227 1782 remedium:
3271 1703 3601 1801 Myrrhae
3665 1717 3705 1784 ς

363 1901 376 1920 .
455 1819 862 1920 trogloditis.
879 1817 1143 1890 vnciam
1189 1840 1242 1900 ι,
1265 1812 1483 1888 thuris
1510 1810 1812 1898 masculi,
1842 1811 2026 1882 croci
2055 1811 2291 1898 Siculi,
2318 1811 2619 1911 limpidis
2646 1822 2677 1857 ¹¹
2713 1813 3034 1910 Cypriae,
3083 1809 3251 1882 aeris
3278 1803 3433 1908 vsti,
3480 1830 3606 1877 ana

458 1930 686 2002 vncias
721 1948 785 2009 2,
812 1937 994 1993 teres
1020 1928 1053 1962 ⁰
1075 1911 1328 2002 ‘fimuL
1366 1914 1776 2011 consperges
1793 1927 1880 1994 ,et
1907 1936 2145 1984 cernes
2161 1970 2177 1999 ,
2201 1938 2412 2011 aquae
2442 1910 2779 2000 coelestis,
2806 1929 2880 1984 et
2906 1912 3175 1985 Falerni
3201 1909 3356 1994 vini,
3384 1906 3602 1979 mellis

458 2029 674 2104 Attici
698 2023 963 2096 adiicies
995 2032 1327 2118 quantum
1354 2012 1628 2102 sufficit,
1675 2018 1752 2086 in
1791 2013 1941 2086 vase
1969 2015 2186 2085 vitreo
2219 2014 2506 2103 condes,
2554 2031 2627 2087 et
2655 2039 2815 2087 cum
2842 2008 3105 2086 necesse
3137 2010 3346 2083 fuerit
3378 2011 3603 2081 vteris.

460 2136 531 2205 Si
562 2129 718 2202 casu
753 2125 986 2199 cilium
1010 2121 1305 2220 ruperit,
1333 2114 1667 2190 fistulam?
1698 2112 1883 2187 dabis
1917 2129 1990 2185 et
2016 2139 2332 2186 mannam
2361 2118 2583 2188 thuris
2611 2141 2771 2189 cum
2800 2141 2938 2187 ouo
2966 2118 3305 2211 impones.
3372 2112 3605 2183 Discu·
3662 2110 3706 2174 6

460 2234 551 2308 tie
577 2222 1369 2318 cicatricemoculorum
1417 2215 1747 2292 eiusmodi
1794 2212 2234 2314 compositio:
2297 2221 2534 2316 Spicae
2573 2230 2607 2280 (ι
2648 2216 2837 2289 nardi
2872 2218 3136 2287 vnciam
3178 2214 3405 2299 semis·‚
3457 2211 3604 2284 salis

462 2333 832 2411 armeniaci
853 2329 1074 2401 meins
1111 2348 1148 2420 3
1171 2380 1189 2411 ,
1231 2324 1538 2395 catimiae
1569 2331 1594 2365 ¹
1634 2321 1900 2398 vnciam
1930 2317 2159 2420 semis,
2210 2322 2393 2390 croci
2430 2322 2695 2392 vnciam
2733 2344 2789 2406 1,
2849 2318 3102 2417 piperis
3150 2314 3606 2395 semiunciam,

459 2444 540 2513 in
610 2436 922 2508 uluerem
947 2441 1312 2502 conuertes
1340 2438 1413 2496 et
1437 2425 1661 2496 vteris.
1744 2415 1923 2492 Albi
1967 2421 2124 2492 vitia
2165 2417 2482 2514 deterget
2522 2418 2641 2494 ista
2678 2422 2968 2493 curatio:
3035 2417 3274 2514 Sepiae
3311 2418 3608 2485 marinae
3661 2431 3707 2501 7

465 2570 516 2617 o
565 2533 764 2613 israfi
790 2542 841 2622 Β
874 2532 1150 2617 decem,
1201 2527 1385 2600 croci
1421 2534 1472 2614 5
1518 2523 1724 2611 duos,
1771 2521 1916 2597 salis
1961 2524 2321 2594 armoniaci
2361 2523 2713 2624 scrupulos
2756 2547 2793 2595 2
2815 2578 2834 2609 ,
2884 2519 3234 2616 myrrhae,
3285 2512 3613 2588 crocodili

467 2643 774 2719 stercoris
811 2632 1166 2733 scrupulos
1215 2627 1407 2702 duos.
1503 2632 1681 2699 Item
1701 2682 1720 2714 ,
1773 2621 2003 2696 album
2046 2621 2189 2695 fiue
2231 2624 2658 2717 glaucomata
2700 2620 3052 2709 emendat,
3096 2621 3238 2692 vini
3281 2619 3557 2688 Aminei
3585 2628 3607 2659 ⁸
3667 2615 3705 2684 8

465 2746 715 2821 veteris
756 2738 1014 2813 sextarii
1054 2749 1225 2822 tres,
1277 2727 1566 2825 gariofili
1604 2729 1957 2813 sextariuS,
2009 2726 2228 2797 mellis
2267 2729 2503 2798 vnciae
2544 2743 2714 2813 tres,
2765 2720 3012 2823 quibus
3055 2718 3372 2794 omnibus
3412 2718 3610 2790 deco·

467 2846 592 2922 ais
618 2846 843 2918 vteris.
941 2834 1204 2909 Album
1229 2833 1416 2905 tollit
1443 2827 1489 2903 fi
1535 2857 1614 2902 ex
1655 2831 1953 2908 humore
1991 2826 2100 2900 vel
2144 2825 2536 2927 percussura
2574 2829 2915 2899 euenerit:
3015 2821 3403 2894 Sandaricae
3431 2830 3451 2863 ⁸
3491 2845 3610 2891 vn·
3663 2825 3708 2893 9

469 2953 612 3024 ciae
647 2972 709 3036 2,
740 2940 890 3017 offis
918 2940 1136 3040 sepiae
1169 2930 1500 3008 combusti
1524 2936 1842 3023 vnciae4,
1874 2932 2130 3029 piperis
2156 2927 2289 3001 albi
2313 2930 2695 3015 semiuncia,
2734 2927 2875 3001 salis
2907 2915 3275 2999 armoniaei
3297 2923 3530 2995 vnciae
3551 2945 3611 3008 2,

469 3077 635 3126 cum
670 3046 879 3121 melle
909 3053 944 3087 ²²
988 3041 1356 3141 permixtis.
1463 3032 1897 3107 Cicatricibus
1938 3032 2646 3122 oculorummedetur
2669 3034 2893 3101 ieiuna
2924 3028 3152 3111 saliua,
3209 3022 3256 3097 fi
3292 3050 3454 3096 cum
3481 3023 3610 3097 sale
3634 3033 3712 3084 10

469 3152 832 3228 mandatur
855 3150 928 3219 in
956 3168 1109 3231 ore,
1152 3156 1224 3214 et
1248 3151 1581 3238 expuatur
1605 3139 1677 3208 in
1713 3133 2011 3206 oculum.
2079 3132 2218 3204 .Sal
2245 3158 2525 3232 quoque
2564 3131 2805 3204 tritum
2851 3153 3011 3201 cum
3055 3122 3191 3199 offe
3243 3128 3491 3225 sepiae,
3539 3137 3610 3195 et
3635 3147 3707 3199 ιι

473 3253 716 3354 sinapis
744 3265 772 3297 ¹
821 3244 1091 3343 agrestis
1135 3244 1410 3316 semine.
1550 3236 1934 3334 Collyrium
1971 3233 2364 3306 nardinum:
2434 3235 2846 3331 opopanacis
2888 3229 3237 3326 scrupulos
3287 3254 3360 3314 2,
3396 3227 3613 3298 violae
3636 3253 3712 3301 12

473 3361 700 3432 vncias
731 3380 793 3442 2,
839 3352 1062 3450 spicae,
1085 3345 1308 3432 nardi,
1366 3337 1628 3427 calliae,
1678 3335 1999 3410 marrubii
2031 3349 2057 3394 Υ
2100 3360 2224 3406 ana
2251 3335 2717 3420 semiunciam,
2771 3335 2953 3405 croci
2991 3330 3193 3416 Siculi
3232 3331 3492 3401 vnciam
3520 3327 3613 3401 se-

479 3463 610 3534 mis
640 3470 691 3546 ²,
745 3455 876 3528 olei
907 3450 1343 3525 semiunciam
1374 3460 1449 3515 et
1483 3440 1836 3541 scrupulos
1872 3463 1936 3532 4„
1964 3439 2218 3537 piperis
2248 3436 2381 3509 albi
2405 3439 2631 3535 vncias
2660 3447 2685 3480 ²
2714 3436 2842 3520 sex,
2876 3419 3141 3526 gummi
3169 3431 3520 3528 scrupulos
3553 3454 3616 3521 5.

482 3567 658 3635 Item
683 3559 806 3631 alia
832 3546 1170 3634 confefflo
1201 3547 1502 3645 collyrii:
1551 3544 1978 3633 Aeruginem
2010 3540 2178 3610 aeris
2205 3554 2280 3610 et
2304 3538 2507 3610 salem
2539 3539 2882 3635 optimum
2924 3536 3153 3631 aequis
3200 3527 3615 3629 ponderibus
3639 3556 3712 3620 13

482 3681 556 3737 et
583 3681 754 3736 aceti
781 3671 1117 3758 quantum
1145 3646 1388 3727 sufficit
1410 3647 1665 3720 misces.
1768 3637 2151 3713 Necessaria
2175 3635 2615 3758 compositio:
2658 3637 2858 3710 'rutae
2882 3634 3234 3732 scrupulos
3263 3656 3347 3724 4,
3397 3634 3615 3702 thuris
3641 3661 3718 3727 ¹4

477 3764 794 3851 masculi,
842 3757 1147 3832 stercoris
1189 3748 1599 3846 columbini,
1647 3748 1978 3831 murium,
2025 3744 2192 3830 olei,
2246 3766 2462 3830 croci,
2514 3739 2768 3826 mellis,
2816 3738 3120 3809 catimiae
3149 3748 3188 3821 ‘,
3245 3734 3381 3805 olei
3420 3732 3621 3803 rosati
3706 3804 3721 3820 ,

483 3896 610 3943 ana
636 3862 985 3964 scrupulos
1029 3881 1107 3950 4,
1154 3856 1517 3950 diligenter
1546 3853 1706 3922 trita
1732 3845 2036 3919 miscebis
2066 3860 2138 3922 et
2163 3847 2386 3917 vteris.
2494 3845 2562 3914 Si
2589 3838 2623 3887 b
2664 3865 2827 3913 vero
2857 3838 3099 3910 oculus
3146 3831 3284 3908 iau
3321 3835 3620 3906 vulneris
3644 3844 3721 3914 15

483 3966 861 4045 insanabilis
889 3959 1227 4044 redditur,
1253 3961 1328 4028 et
1353 3960 1466 4046 (vt
1493 3953 1686 4026 mulo
1719 3948 1966 4021 medici
1995 3947 2273 4042 dicunt)
2306 3946 2780 4020 canchremata
2806 3940 3045 4014 fecerit
3058 3951 3103 4028 ς,
3130 3965 3217 4011 ne
3243 3935 3625 4037 periculum

488 4074 730 4146 mortis
755 4071 1072 4150 incurrat,
1121 4061 1268 4131 erui
1297 4058 1630 4157 pollinem
1657 4075 1817 4126 cum
1851 4051 2006 4123 oleo
2028 4051 2224 4122 roseo
2253 4066 2327 4122 et
2355 4074 2495 4121 ouo
2528 4044 2724 4118 fimul
2750 4044 3123 4116 immittitu.
3176 4044 3355 4112 Cum
3384 4043 3626 4138 purgass

488 4192 646 4256 tum
676 4171 920 4245 vulnus
945 4164 1189 4250 fuerit,
1249 4155 1408 4231 cum‘
1437 4159 1641 4232 melle
1664 4157 1896 4228 Attico
1922 4156 2259 4244 inungitO.
2363 4154 2538 4222 Sunt
2578 4166 2650 4219 et
2686 4147 2811 4218 alia
2844 4144 3059 4217 multa
3099 4141 3404 4240 collyria,
3454 4166 3625 4237 quae
3645 4145 3725 4214 16

492 4280 652 4380 qnia
678 4270 965 4347 eandem
987 4267 1129 4340 vim
1146 4267 1180 4354 ,'
1216 4260 1616 4361 easdemque
1644 4259 1899 4361 species
1931 4255 2323 4340 continent,
2378 4273 2776 4324 enmnerare
2799 4243 3219 4348 superfluum
3252 4243 3631 4418 du{}}{.L

570 4507 632 4580 c)
653 4505 710 4563 h.
725 4523 777 4562 e.
805 4500 1012 4559 donec.
1042 4494 1156 4553 vid.
1186 4492 1312 4551 lnd.
1392 4493 1453 4564 d)
1475 4509 1574 4567 qno
1598 4496 1654 4552 S.
1731 4490 1787 4561 e)
1814 4485 2024 4545 eradico
2108 4495 2262 4540 meu
2291 4482 2536 4536 emendat
2572 4477 2694 4534 vine·
2725 4476 2985 4536 Antinoe?
3007 4474 3247 4552 sextari!
3289 4492 3344 4531 ιι
3358 4492 3405 4530 ι.
3448 4465 3634 4528 Οινίοζ

492 4587 553 4647 S.
577 4583 664 4641 M.
738 4578 802 4649 f)
827 4571 1111 4661 incar-’fari
1135 4565 1364 4700 (πανὺ
1399 4571 1457 4625 S.
1474 4569 1553 4625 M.
1629 4567 1702 4655 g)
1729 4561 2027 4639 exera-fiere
2099 4552 2393 4642 phyllotjum
2420 4571 2540 4611 vnc.
2591 4554 2745 4619 emis,
2781 4551 2961 4610 Mellt‘s
2980 4568 3100 4606 vnc.
3134 4569 3186 4606 ιι
3209 4568 3254 4616 ι,
3268 4544 3641 4642 Ι,φειίὑιιιχκΐηιιοιί
3670 4551 3683 4562 ‘

493 4664 550 4721 S.
579 4658 660 4714 M.
736 4650 1136 4734 h)pun81mS.
1241 4684 1254 4697 .
1349 4649 1393 4711 ι)
1423 4642 1557 4718 Leg.
1596 4641 1894 4729 eppboram
1931 4634 2023 4691 vel
2108 4633 2328 4716 Δεςοθιε
2350 4643 2507 4694 ¹nter-e
2548 4669 2602 4715 ⁸.·
2637 4630 2715 4712 M.
2824 4631 2875 4697 r)
2903 4625 3053 4682 forte
3091 4626 3358 4680 Cadmeae.
3432 4619 3633 4676 Oculis

495 4732 790 4858 ῬἱΡόἽὲἕὶ
814 4721 1173 4854 ..ἐ3.’ἓ’ῗῖἕ·
1193 4717 1324 4861 Μ.)
1349 4718 1474 4844 ..¹:22
1497 4721 1682 4844 1¹:322
1705 4705 2028 4842 “3233
2112 4703 2510 4842 33¹5ffl⁰²3
2521 4699 3115 4834 Βέἕέἓῖἶὲῖἑὲἵέἒῒ
3139 4718 3197 4828 {a
3212 4717 3230 4753 ¹
3247 4716 3294 4765 ¹’
3315 4715 3386 4826 ¹'.
3414 4696 3641 4837 51'2‘3'5·

495 4807 681 4957 egui?
753 4871 920 4939 niati,
955 4868 1080 4924 vino
1098 4908 1114 4934 ,
1137 4865 1287 4942 sele,
1323 4864 1507 4927 nitro,
1544 4873 1598 4916 et
1643 4880 1721 4916 me
1759 4880 1788 4916 e
1820 4858 2032 4924 Attico,
2112 4854 2187 4924 u)
2212 4852 2381 4908 mellis
2417 4870 2540 4909 vnc.
2595 4869 2650 4908 ιι
2714 4851 2769 4907 S.
2814 4850 2896 4905 M.
3034 4857 3104 4931 x.)
3121 4788 3434 4921 ρηῗῗὲρίἰ
3469 4811 3521 4902 S‘.
3553 4809 3637 4901 M:

497 4956 645 5013 inve
668 4953 767 5007 eS.
786 4948 865 5005 M.
947 4945 1008 5017 p)
1024 4940 1226 5018 fistulis
1239 4938 1499 5013 fert'naem
1512 4934 1757 4991 thurisS.
1779 4935 1860 4990 M.
1891 4933 2028 5009 Leg.
2115 4934 2179 5007 y)
2204 4928 2425 5000 myrrha
2448 4926 2700 4986 laudatur
2734 4943 2797 4994 46¹
2816 4941 2906 4990 27,
2936 4940 2971 4993 4
3022 4919 3139 4976 vid.
3189 4922 3398 4996 Mor-ga.
3424 4920 3522 4984 IV,
3559 4933 3642 4987 ις.

485 5029 716 5108 fibulam
742 5019 894 5079 dabis
917 5018 1038 5075 vid.
1069 5017 1136 5074 ad
1171 5021 1391 5083 1‚22,6.
1465 5009 1527 5086 q)
1555 5008 1730 5074 Croci,
1748 4997 1885 5081 salis
1903 5015 2037 5062 Am·
2083 5063 2096 5073 ,
2115 5023 2180 5088 2)
2209 5014 2300 5091 [3
2339 5015 2507 5078 VIII]
2534 5011 2638 5069 ins.
2666 5011 2720 5066 S.
2794 5009 2848 5082 a)
2861 5005 3137 5082 scrupulos
3160 5009 3215 5064 S.
3246 5009 3326 5064 Μ.
3400 5007 3460 5079 b)
3489 4993 3645 5063 Hinc

499 5109 736 5173 moniaci
755 5124 862 5165 m
887 5123 983 5161 vn.
1008 5123 1025 5160 ι
1046 5123 1089 5168 ι,
1115 5103 1364 5176 num-hae
1380 5100 1430 5180 Β
1465 5117 1550 5167 ιι,
1579 5092 1831 5156 Catiniae
1852 5108 2042 5156 vncm,
2067 5149 2074 5158 ,
2124 5103 2192 5161 ad
2214 5099 2271 5160 fi.
2297 5117 2418 5176 cap.
2450 5119 2565 5157 om.
2593 5102 2648 5159 S.
2676 5098 2759 5156 Μ.
2846 5094 2901 5169 c)
2912 5091 3161 5168 fecerint
3186 5092 3251 5150 F.

465 5205 756 5295 ‘stercoris
780 5203 1031 5265 crocodili
1053 5198 1104 5281 3
1139 5221 1162 5263 ι
1178 5222 1225 5262 ι.
1305 5205 1441 5263 Item
1469 5200 1646 5259 album
1677 5195 1800 5274 fine
1823 5191 2046 5271 glauco·
3702 5247 3709 5256 ὁ

2658 5271 2753 5333 Be
2788 5284 2818 5346 3
3284 5261 3389 5340 [C.
3419 5256 3654 5332 XXIII]

4660 6117 4721 6124 ⁴-,.
