4942 6167
26 667 32 967 v—-vv-v
25 96 47 629 ——r-„---,
34 23 55 59 ,η

109 439 117 445 =

1367 485 1376 491 ,
1422 415 1564 509 362
1658 382 1670 387 ’
2099 406 2181 477 ·1.
2223 405 2297 480 B.
2345 395 2975 476 MORGAGNI
3023 340 3559 484 Ems‘rssm.
3620 413 3871 484 11,12.

1618 596 1673 685 §.
1713 588 2024 668 mxcol.
2066 612 2097 662 1
2121 610 2176 678 1,
2215 608 2276 685 3,
2311 611 2401 685 37
2433 601 2506 659 et
2542 608 2634 682 39
2665 584 2799 685 sqq.
2904 580 3039 655 Sed
3065 583 3137 654 in
3168 578 3345 653 libro
3375 583 3579 653 etiam
3608 603 3713 668 ¹1,
3766 603 3940 679 quae
3965 580 4185 678 prima
4215 604 4294 651 ex
4328 604 4365 678 3
4397 578 4577 682 capi.

1413 709 1491 769 te
1531 695 1669 769 duo
1696 695 1852 768 loca
1877 687 2352 792 proposuimus
2370 747 2387 779 ‚
2439 707 2517 760 et
2540 689 2713 787 ipse,
2764 701 2838 758 et
2862 688 2981 785 qui
3008 700 3147 759 tres
3175 685 3592 784 antiquiores
3621 681 3954 757 editiones
3986 700 4437 774 curuum-unt,
4488 687 4581 759 ita

1416 793 1725 870 distinaa
1752 794 2230 879 exhibuerant,
2270 808 2348 863 vt
2378 793 2505 862 nos
2536 788 3001 862 iudicauimus,
3680 812 3686 820 ·

1624 954 1786 1022 Nec
1809 952 1880 1020 in
1912 963 2218 1020 extremo
2245 948 2469 1045 capite
2506 968 2591 1037 17
2626 942 2739 1017 lib.
2778 969 2861 1018 12
2898 941 3039 1025 fine
3065 945 3329 1035 ratione
3356 942 3610 1042 aliquid
3662 938 4085 1017 mutandum·
4108 936 4273 1032 effe,
4320 943 4579 1042 putaui»

1420 1050 1695 1152 quando
1724 1051 1853 1123 hae
1881 1075 2122 1122 omnes
2152 1063 2446 1146 quatuor
2471 1046 2809 1136 editiones
2841 1072 2987 1119 non
3021 1061 3095 1118 vt
3122 1050 3424 1119 caeterae
3453 1043 3728 1134 habent,
3775 1043 4288 1140 infcruqftzciant,
4344 1045 4462 1119 sed
4491 1052 4584 1120 in·

1395 1153 1819 1250 fervefaciunt
1829 1177 1857 1232 ;
1907 1166 2025 1224 aut
2046 1154 2121 1221 in
2150 1152 2372 1248 capite
2409 1173 2498 1242 55
2535 1143 2630 1245 [s.
2668 1151 2754 1234 2]
2789 1174 2916 1247 pro
2947 1151 3326 1234 exaniueris,
3354 1145 3728 1241 legendum
3757 1142 3890 1219 effe
3922 1151 4332 1237 exaniaueris,
4371 1173 4582 1247 quan·

1412 1253 1510 1348 ‚do
1545 1253 1680 1325 hoc
1709 1252 1916 1325 habet
1942 1252 2498 1324 Commel‘iniana.
2601 1253 2685 1320 In
2730 1248 2903 1322 libro
2937 1250 3174 1336 etiam,
3220 1251 3338 1347 qui
3372 1249 3673 1348 reliquus
3723 1246 3857 1337 est,
3909 1253 3983 1322 de
4017 1251 4406 1335 Arboribus,
4464 1250 4581 1322 illa

1322 1424 1327 1430 .
1416 1355 1554 1453 ipsa
1578 1346 1786 1438 editio
1805 1411 1823 1440 ‚
1851 1356 2033 1425 inter
2061 1355 2420 1448 corrigenda
2441 1407 2459 1438 ‚
2486 1353 2579 1421 ita
2604 1350 3084 1424 emendauerat
3128 1374 3209 1422 ιο
3229 1351 3462 1448 capitis
3492 1350 4005 1450 inscriptionem
4025 1407 4045 1438 ,
4070 1365 4146 1423 vt
4174 1375 4300 1422 nos
4345 1376 4581 1424 emen-

1420 1455 1752 1529 dauimuS.
1850 1459 1932 1527 In
1962 1457 2040 1526 iis
2083 1467 2314 1526 autem
2353 1450 2613 1538 verbis,
2668 1477 2842 1551 quae
2887 1477 2968 1524 ex
3012 1475 3154 1549 cap.
3192 1457 3289 1523 26
3331 1451 3419 1545 [s.
3458 1457 3551 1542 8]
3594 1450 3891 1526 secundo
3935 1451 4093 1524 loco
4126 1453 4579 1549 protulimus,

1415 1572 1558 1631 tres
1587 1573 1854 1630 veteres
1900 1555 2235 1650 editiones
2281 1581 2423 1627 non
2469 1552 2680 1626 modo
2731 1569 2807 1625 vt
2846 1580 3008 1640 noS,
3058 1551 3318 1624 habent
3358 1555 3737 1636 nudaturi&
3794 1577 4036 1626 verum
4073 1553 4351 1651 insuper
4392 1579 4580 1626 com·

1415 1655 1829 1748 monstrant,
1880 1682 2026 1731 non
2053 1658 2396 1731 immerito
2425 1656 2540 1728 illa
2576 1652 2775 1730 nobis
2808 1649 3241 1755 displicuisse:
3310 1679 3389 1726 ex
3422 1679 3547 1754 qua
3587 1656 3808 1727 arbore
3851 1652 4113 1749 inserere
4152 1655 4360 1744 voles,
4406 1680 4576 1729 cum

1416 1758 1512 1832 {ic
1538 1758 1861 1833 habeant:
1911 1786 2096 1858 quam
2129 1767 2409 1833 arborem
2437 1757 2699 1853 ἕψητε
2726 1759 2912 1832 voles.
3009 1759 3184 1827 Sane
3212 1756 3417 1826 etiam
3464 1755 3671 1856 paulo
3711 1755 3908 1854 supra
3953 1752 4037 1826 ad
4080 1753 4382 1828 eundem
4424 1783 4576 1830 mo·

1281 1943 1304 1967 .
1420 1861 1623 1952 dum,
1693 1865 2001 1959 itemque
2042 1859 2216 1933 libro
2263 1886 2300 1954 ς
2331 1885 2475 1960 cap.
2521 1882 2549 1931 1
2573 1882 2601 1932 1
2653 1867 2686 1952 [
2702 1856 2741 1931 fi
2780 1859 2868 1954 3]
2923 1857 3254 1956 scriptum
3292 1854 3419 1930 est:
3505 1857 3816 1930 Arborem
3854 1883 4035 1954 quam
4090 1855 4351 1951 inj‘erere
4387 1861 4572 1934 voles.

1418 1964 1550 2032 Sed
1603 1968 1920 2035 nimirum
1956 1963 2070 2035 hic
2095 1962 2261 2034 dum
2298 1958 2719 2035 constantem
2752 1976 3171 2033 caeterarum
3211 1959 3526 2030 omnium
3571 1957 3952 2030 editionum
3998 1957 4396 2056 scripturam
4438 1955 4573 2033 ess'e

1418 2068 1799 2160 antiquam„
1849 2066 2089 2164 putaui
2088 2121 2122 2157 ἢ
2174 2066 2248 2135 in
2284 2066 2567 2162 eiusque
2598 2076 2962 2161 propterea
2989 2057 3276 2152 vestigiis
3303 2056 3750 2159 scrupulosius
3772 2059 4064 2152 ,omnino
4098 2056 4569 2151 insistendum3
4614 2062 4658 2122 ι’

1418 2164 1498 2236 al]
1554 2172 1863 2264 antiquae
1908 2190 2051 2238 non
2106 2166 2441 2238 sententia
2485 2163 2791 2261 quidem,
2872 2160 2987 2237 sed
3016 2163 3388 2246 ⁴locutionis
3432 2185 3688 2254 genere
3740 2158 4046 2234 aberrare
4088 2156 4358 2236 coastus
4401 2163 4567 2237 sum.

1418 2272 1470 2352 ᾗ,
1518 2292 1538 2336 1
1570 2296 1619 2340 r.
1679 2270 1822 2341 Col.
1848 2265 2010 2339 Arb.
2051 2291 2162 2362 30,
2193 2291 2232 2340 2
2344 2264 2558 2348 Quod
2588 2265 2759 2353 mihi
2787 2279 2862 2337 vt
2890 2266 3030 2336 aliis
3062 2262 3408 2335 nonnullis
3436 2265 3509 2335 in
3549 2263 3750 2352 Ιοσίε,
3803 2259 3996 2334 sicin
4021 2258 4368 2361 postremo
4400 2292 4569 2366 quo-

1418 2396 1550 2456 que
1582 2372 1847 2458 accidit,
1901 2394 2112 2469 quem
2159 2393 2238 2439 ex
2271 2366 2651 2440 Columella
2694 2367 3053 2466 proposui:
3118 2363 3350 2468 Rofitm
3369 2365 3742 2464 fruticibus,
3791 2390 3862 2436 ac
3882 2362 4148 2460 stcrculis
4185 2364 4420 2460 disponi
4436 2394 4568 2464 per

1394 2472 1954 2564 fiarrssfusdumialej·
1992 2475 2292 2565 conuenit.
2397 2466 2533 2542 Etsi
2576 2471 2760 2543 enim
2805 2495 2948 2544 non
2986 2469 3187 2542 vna'm
3227 2465 3517 2542 indicaui
3563 2467 3930 2554 rationem,
3975 2491 4097 2539 cur
4120 2465 4401 2563 sulculos·
4431 2495 4565 2568 pro

1390 2572 1675 2668 firmatim
1711 2570 2133 2644 scribendum
2157 2587 2511 2672 putarem3
2566 2566 2679 2669 vbi
2706 2587 2938 2646 tamen
2966 2570 3440 2662 animaduerti,
3492 2598 3635 2646 non
3666 2565 3875 2646 modo
3901 2570 3972 2642 in
4007 2569 4562 2661 Commeliniana,

1286 2676 1295 2683 ’
1412 2672 1526 2744 sed
1558 2692 1627 2744 ot
1655 2680 1719 2744 in
1755 2670 2007 2745 duabus
2037 2671 2512 2746 vetustioribus
2534 2672 2955 2759 ⁴editionibus
3006 2670 3133 2746 effe
3157 2672 3388 2768 fialcos,
3434 2675 3505 2745 in
3552 2676 3752 2748 tertia
3791 2689 4023 2750 autem
4059 2670 4334 2764 harum,
4386 2698 4562 2772 quae

1408 2772 1730 2847 videlicet
1764 2801 1845 2846 ex
1872 2772 2026 2872 ipsis
2059 2776 2398 2847 recentior
2422 2772 2548 2864 est,
2572 2774 2820 2868 fhrcos,
2869 2777 3069 2877 coepi
3112 2776 3228 2847 sus
3265 2776 3456 2861 icari,
3511 2801 3591 2847 ex
3634 2776 3769 2848 hoc
3797 2774 4092 2847 fortuito
4130 2775 4560 2875 typographi

1412 2900 1647 2949 errore
1685 2891 1925 2974 natum
1963 2872 2229 2950 fortaffe
2271 2874 2403 2949 effe
2418 2879 2710 2971 sterculos
2748 2880 2820 2949 in
2867 2800 3349 2978 posteriorissus
3394 2869 3819 2950 editionibus
3863 2887 3867 2915 '
3924 2874 4137 2959 Quod
4177 2881 4293 2974 qui
4329 2879 4401 2949 in
4425 2877 4561 2980 fiol-

1174 3051 1203 3065 ,
1346 3022 1359 3031 -
1408 2958 1575 3049 culos
1600 2976 2007 3053 mutandum
2038 2973 2168 3048 esse
2196 2995 2529 3073 anteme,
2587 2978 3029 3066 censuerunt,
3069 2977 3171 3049 illi
3200 2977 3475 3076 quidem
3508 2979 3930 3051 Columellae
3969 2979 4369 3052 sententiam
4399 3004 4558 3081 pro-

1248 3607 1259 3617 ·
1400 3583 1707 3675 tradidit,
1749 3581 2020 3671 fortasse
2048 3585 2269 3686 poss'et
2295 3589 2698 3664 confirmari.
2802 3595 2991 3663 Nam
3019 3589 3259 3662 rosaria
3297 3589 3709 3662 conserenda
3750 3614 3829 3661 ac
3854 3587 4175 3690 ponenda
4206 3615 4245 3662 e

1411 3078 1527 3151 cul
1554 3075 1762 3151 dubio
1790 3075 2259 3168 restituerunt,
2309 3080 2594 3154 verbum
2622 3090 2855 3155 autem
2889 3107 2975 3155 an
3018 3075 3429 3161 restituerint
3465 3081 3557 3151 ita
3596 3079 3881 3154 dubium
3921 3076 4043 3169 est,
4092 3095 4167 3152 vt
4206 3107 4338 3154 vox
4357 3082 4560 3175 fideu-

1407 3179 1536 3267 lus,
1582 3206 1787 3278 quam
1833 3181 2034 3253 huius
2075 3184 2270 3253 vuius
2312 3183 2445 3255 loci
2484 3179 2889 3258 austoritate
2923 3186 2997 3255 in
3036 3181 3241 3254 latina
3283 3183 3526 3252 Lexica
3569 3183 3978 3272 intulerunt,
4044 3178 4165 3257 nifi
4203 3178 4557 3283 produstis

1404 3281 1550 3351 aliis
1583 3283 1986 3381 scriptorum
2016 3281 2342 3382 exemplis
2386 3283 2865 3374 confirmetur,
2911 3286 3049 3384 ipsa
3086 3307 3362 3382 quoque
3398 3281 3601 3358 dubia
3640 3298 3712 3356 et
3748 3287 4006 3358 incerta
4049 3278 4182 3357 effe
4223 3282 4553 3360 videatur.

1395 3380 1586 3454 'Illud
1612 3383 1749 3455 hoc
1780 3385 1853 3454 in
1882 3381 2041 3456 loco
2075 3409 2219 3473 non
2260 3383 2355 3457 est
2397 3385 2893 3475 omittendum,
2940 3386 3416 3458 Iensonianum
3458 3386 3800 3486 exemplar
3838 3411 3983 3457 non
4027 3384 4558 3484 habetest-utici-

1398 3486 1546 3578 bus,
1586 3482 1701 3556 sed
1724 3483 2087 3580 frubl'ibus:
2135 3511 2307 3584 quae
2348 3488 2675 3590 scriptura
2717 3491 2903 3562 exiis
2940 3511 3114 3588 quae
3149 3484 3478 3560 Palladius
3516 3488 3687 3577 huc,
3732 3502 3807 3560 vt
3852 3486 4139 3574 solebat,
4188 3488 4556 3662 reffpicigns

4298 3614 4339 3661 e
4358 3646 4378 3679 ‚
4480 3616 4557 3663 o-

1401 3690 1551 3759 cuit
1577 3690 1681 3761 vel
1699 3678 1995 3786 uirgultis
2018 3691 2126 3762 vel
2147 3691 2601 3785 etiamfimine‚
2651 3695 2873 3789 qutppe
2897 3718 3059 3811 quae
3084 3696 3294 3763 baccas
3334 3693 3615 3764 nutriant
3654 3695 3718 3763 in
3761 3692 4073 3787 breuiffimi
4096 3695 4237 3785 pin‘
4255 3694 4557 3794 fmilim-

1391 3787 1630 3881 dinem,
1669 3789 2260 3885 plenasseminibus.
2358 3798 2533 3865 Non
2598 3815 3024 3884 negauerim:
3060 3792 3403 3889 fruticibus
3437 3788 3509 3863 in
3554 3789 3935 3867 Columella
3976 3793 4383 3891 respondere
4422 3796 4556 3867 vir-

1392 3892 1597 3988 gultis
1624 3893 1697 3961 in
1730 3890 2043 3965 Palladio,
2141 3900 2470 3983 Attamen
2503 3891 2675 3966 nihil
2696 3891 2768 3965 in
2797 3895 2918 3968 illo
2947 3894 3034 3967 de
3042 3897 3313 3993 fimine:
3358 3905 3429 3964 et
3456 3890 3645 3990 quod
3671 3890 4027 3989 deffirculis
4050 3892 4246 3982 dixit,
4275 3891 4555 3969 fortan}

1399 3994 1612 4063 etiam
1635 3992 1930 4084 virgulta
1956 3989 2454 4094 compleRitur.
2551 3999 2809 4094 Neque
2842 3999 3027 4071 enim
3057 3995 3393 4083 surculuS,
3437 4009 3514 4067 vt
3539 3994 3749 4088 vulgo
3782 3996 4100 4084 credunt,
4127 3993 4221 4069 'id
4249 4011 4558 4071 tantum-

1396 4090 1613 4164 modo
1642 4087 1767 4182 est,
1822 4094 2007 4193 quod
2034 4099 2098 4166 in
2125 4101 2313 4194 rumis
2342 4101 2579 4185 oritur,
2628 4097 2744 4172 sed
2768 4099 3115 4173 interdum
3150 4099 3366 4170 etiam
3412 4092 3509 4166 est
3553 4094 3807 4186 frutex,
3855 4124 3933 4171 ac
3984 4098 4391 4192 virgultum,
4435 4124 4556 4172 au-

1396 4187 1637 4286 storei
1688 4192 1792 4283 so,
1838 4199 1908 4266 ni
1933 4195 2168 4286 fallor,‘
2218 4195 2601 4272 Columella
2633 4199 2792 4295 [lib.
2831 4225 2866 4297 3
2925 4228 2979 4274 c.
3025 4223 3104 4278 ιι
3141 4199 3185 4272 s.
3219 4199 3305 4295 ς]
3353 4193 3465 4269 vbi
3493 4214 3732 4291 negat,
3785 4202 3898 4300 effe
3948 4202 4134 4275 vllum
4174 4203 4412 4274 tamdiu
4449 4204 4553 4274 υἱ·

1390 4298 1574 4367 duum
1673 4299 1796 4368 lum
1833 4299 2131 4396 virgultis
2144 4355 2161 4387 ,
2208 4313 2299 4398 vt·
2318 4328 2444 4373 non
2485 4306 2727 4401 aliquos
2742 4303 3029 4398 surculos
3053 4314 3477 4400 progeneret,
3532 4313 3824 4401 tanquam
3846 4308 4040 4398 piros
4059 4299 4431 4402 sylae-stru,
4463 4299 4554 4379 ⁴et

1370 4421 1652 4504 prunos,
1695 4398 1805 4474 vel
1819 4405 2004 4474 rubos
2029 4403 2211 4474 certe.
2316 4403 2448 4475 Sed
2465 4405 2646 4479 -haec
2669 4419 2749 4477 tu
2781 4405 3043 4480 melius.
4253 4398 4260 4406 ¹
4393 4405 4401 4412 ’

1597 4555 1653 4642 5.
1688 4575 1804 4626 12.
1910 4553 2236 4632 Balladius
2278 4559 2607 4657 sequitur,
2661 4547 2854 4634 cuius
2889 4558 3210 4636 nos-loca
3249 4581 3393 4630 non
3434 4582 3595 4632 cum
3634 4559 3763 4633 illis
3808 4572 4080 4632 tantum
4128 4554 4546 4633 editionibus

1374 4667 1717 4823 ἔδηιωοτ,
1771 4676 1939 4751 quas
1981 4654 2242 4755 saepius
2264 4666 2976 4753 commemorauimus,
3020 4659 3137 4736 sed
3160 4683 3319 4732 cum
3344 4659 3531 4734 libris
3561 4663 3838 4762 insuper
3864 4663 4047 4732 Petri
4078 4661 4545 4734 Crescentien·

1499 4766 1653 4827 tum
1676 4756 1918 4827 Latina
1941 4771 2096 4828 tum
2124 4756 2344 4846 nostra
2373 4762 2504 4837 hac
2526 4765 2761 4857 lingua
2786 4765 3012 4853 editis,
3061 4776 3136 4834 et
3156 4761 3429 4836 Palladii
3468 4765 4036 4863 interpretatione
4059 4762 4352 4860 quadam
4392 4787 4546 4835 ver-

1375 4851 1651 4941 nacula,
1723 4869 1930 4953 atque
1970 4859 2227 4933 calamo
2278 4880 2566 4953 exarata,
2625 4888 2706 4936 ac
2762 4868 3194 4964 perantiqua,
3258 4888 3487 4965 nuper
3525 4866 3964 4938 contulimus.
4065 4868 4306 4938 Petrus
4348 4865 4545 4938 enim

1375 4950 1920 5047 Crescentienfis‚
1969 4956 2109 5033 siue
2137 4976 2213 5033 vt
2239 4964 2448 5056 vulgo
2490 4991 2529 5038 a
2557 4961 2799 5039 nostris
2827 4965 3238 5070 appellatur,
3291 4968 3747 5052 Crescentius,
3800 4968 3919 5065 qui
3947 4980 4109 5038 ante
4148 4989 4367 5038 annos
4396 4980 4542 5038 tre·

1368 5068 1610 5132 “cutm
1628 5053 1893 5160 scfipfit
1933 5057 2022 5138 de
2061 5063 2500 5163 agricium,
2550 5093 2699 5151 nou
2739 5070 2907 5153 alius
2950 5064 3244 5160 austeris
3285 5067 3509 5150 verbis
3544 5067 3806 5170 saepius
3843 5069 4091 5166 vatur,
4124 5066 4540 5244 quamhlzffi-
4573 5082 4593 5123 ἱ

2719 5215 2723 5222 .
3142 5214 3145 5218 .
4136 5233 4151 5247 ,
4508 5220 4538 5261 θ
