4942 6167
1286 408 1436 491 334
1786 383 1838 452 Ι.
1891 380 1960 453 Β.
2012 373 2637 450 MORGAGNI
2683 370 3011 442 EPIST.
3055 372 3108 459 I,
3160 372 3214 460 §.
3254 394 3309 444 1.
3344 395 3403 442 2.
3439 391 3597 467 3.4
3633 394 3698 465 5.
3743 386 3815 444 et
3845 376 3908 446 6,

1280 576 1634 659 manicatis,
1683 565 2032 643 centonibus
2054 558 2378 655 corfissis,
2418 555 2718 654 vdffigis
2744 554 3032 646 mollin·
3076 558 3150 629 in
3182 556 3399 629 altero
3418 557 3687 651 pellibus
3713 546 4062 645 manicatis,
4106 572 4170 632 et
4172 558 4428 660 sagaris

1287 677 1570 756 emunit,-
1618 673 1781 757 scire
1812 684 1992 747 erte
2013 664 2213 749 velim
2230 716 2249 750 ,
2297 673 2520 732 vtram
2545 660 2776 752 magis.
2790 657 3042 761 probes
3073 659 3470 758 scripturam
3488 714 3505 747 ,
3549 680 3640 731 an
3661 658 4325 758 ytmquerepudiata
4347 666 4429 738 iis

1288 775 1710 876 adstipuleris
1738 774 1857 867 qui
1880 764 1971 837 fic
1999 763 2319 836 videntur
2362 755 2627 853 legisse,
2659 759 2887 858 sagis,
2942 776 3062 833 aut
3102 762 3374 848 cucullis,
3421 761 3532 832 vel
3573 765 3806 860 potius
3849 762 4155 833 Ferrario
4200 762 4433 838 nostro

1295 882 1414 978 [de
1440 869 1750 951 Re‘Vest.
1779 874 1952 947 Part.
1988 891 2028 938 2
2059 862 2171 935 lib.
2198 869 2232 934 I
2264 888 2321 934 c.
2358 863 2542 964 22]‚
2591 864 2710 961 qui
2745 860 3054 948 malebat,
3084 863 3276 960 figis
3301 863 3627 936 cucullatis.
3769 862 3823 949 §.
3874 886 3911 933 2
3949 861 4097 934 Col.
4136 884 4194 952 1,
4227 875 4291 952 8,
4321 888 4427 960 19.

1295 989 1485 1056 Nam
1518 972 1699 1049 haud
1727 972 1937 1063 longe
1978 992 2018 1038 a
2055 963 2195 1038 fine
2230 963 2531 1037 eiusdem
2578 967 2835 1062 capitis,
2885 962 3001 1036 vbi
3042 964 3365 1063 seriptum
3399 961 3527 1037 est:
3578 966 3895 1037 Feminis
3918 968 4152 1062 q'uoque
4172 966 4436 1061 faecen-

1293 1083 1604 1165 alaribus,
1649 1098 1914 1173 quarum
1939 1075 2004 1140 in
2016 1066 2235 1165 sobole
2271 1082 2481 1141 certus
2501 1066 2715 1163 fierit
2737 1090 3061 1153 numerus,
3087 1067 3426 1139 -honorarae‘
3464 1067 3674 1152 debet,
3725 1070 3930 1138 otium
3971 1088 4435 1167 nonnunquam,

1294 1199 1355 1262 et
1385 1187 1732 1257 libertatem
1758 1177 2071 1253 dedimus,·
2099 1194 2244 1245 non
2269 1166 2511 1241 dubito
2542 1170 2707 1265 quin
2736 1167 3066 1267 concedas
3099 1166 3349 1266 aliquid
3371 1181 3493 1241 aut
3519 1163 3906 1241 addendum
3933 1163 4083 1255 ess'e,
4109 1183 4185 1240 vt
4210 1196 4434 1243 exem·

1295 1289 1395 1388 pli
1430 1281 1620 1356 causa
1664 1273 2065 1377 particulam
2085 1272 2154 1375 fi
2174 1286 2349 1351 ,ante
2369 1271 2608 1367 fherit,
2659 1284 2781 1341 aut
2809 1267 3179 1341 delendum
3196 1320 3214 1356 ,
3264 1268 3456 1341 velut
3496 1265 3671 1339 istud
3709 1270 3734 1338 i
3783 1268 3931 1340 sum
3954 1269 4203 1367 fuerit,
4242 1272 4431 1371 quod

1294 1385 1575 1486 quidem
1602 1386 1674 1453 in
1698 1378 1973 1453 Iuntina
2003 1370 2306 1449 editione
2342 1397 2488 1446 non
2518 1372 2817 1462 inu'eni0,
2842 1394 3005 1446 cum
3034 1395 3232 1445 meae
3255 1370 3554 1470 reliquae
3585 1393 3719 1442 con
3777 1384 3970 1442 anter
3996 1367 4088 1444 fic
4117 1371 4432 1467 habeant,

1291 1504 1369 1563 vt
1392 1486 1604 1559 deseri
1654 1479 1722 1552 fi.
2495 1518 2504 1523 -

1501 1591 1551 1676 §.
1589 1510 1812 1679 {CoL
1849 1606 1910 1668 2,
1927 1602 1995 1672 4,
2023 1601 2088 1672 9.
2142 1576 2350 1649 Libro
2382 1560 2465 1649 ΪΙ.
2517 1602 2658 1677 cap.
2676 1599 2747 1671 4.
2795 1577 2908 1651 vbi
2935 1579 3380 1678 praecipitur,
3431 1573 3677 1675 quibus
3704 1574 4134 1675 temporibus
4161 1579 4431 1673 iterum,

1206 1738 1214 1773 ι
1293 1693 1639 1786 tertioque
1665 1708 1848 1763 arare
1875 1696 2189 1782 oporteat
2211 1680 2416 1751 colles
2447 1682 2722 1781 pinguis
2750 1680 2912 1773 soli„
2942 1706 3102 1752 cum
3138 1683 3234 1752 ita
3262 1681 3517 1773 legam:
3562 1684 3634 1751 de
3660 1679 3883 1773 Aprili
3908 1682 4107 1751 medio
4144 1677 4332 1776 vsqrae
4365 1688 4436 1753 in

1273 1793 1619 1894 solstitium,
1638 1788 1926 1870 iterandi,
1975 1786 2415 1879 tertiandique.
2511 1784 2864 1875 Septembri,
2909 1788 3070 1854 circa
3104 1782 3587 1880 aequinoffium,
3630 1804 3701 1851 ac
3730 1783 3991 1853 totidem
4022 1785 4247 1873 operis,
4279 1796 4430 1879 quot

1294 1892 1579 1994 vliginqst
1604 1892 1820 1982 campi,
1848 1886 2150 1958 excolitur
2188 1889 2468 1981 iugerum
2495 1886 2650 1955 talis
2677 1883 2821 1982 agri
2835 1906 2860 1966 ,⁶
2896 1882 3129 1965 'fateor
3157 1908 3300 1955 non
3329 1880 3558 1953 videre
3593 1906 3724 1967 me,
3773 1884 3890 1978 qui
3931 1880 4081 1954 fieri
4108 1887 4432 1981 potuerit,

1292 2012 1369 2073 vt
1403 2018 1628 2092 neque
1654 1987 1997 2062 Iucundus
2027 1983 2456 2071 Veronenfis,
2487 2008 2736 2091 peque
2766 1988 2820 2057 is
2850 1988 2966 2083 qui
2995 1981 3078 2057 ab
3111 1984 3247 2056 hoc
3275 1981 3672 2054 emendatos
3708 1984 3834 2052 Rei
3851 1976 4157 2054 Rusticae
4173 1980 4431 2056 Austo-

1294 2124 1404 2178 res
1449 2086 1758 2167 Venetiis'
1789 2095 2025 2180 [Anno
2067 2108 2149 2179 15
2168 2088 2286 2183 14]
2317 2083 2546 2174 edidit,
2593 2086 2809 2159 Aldus
2839 2088 3215 2174 ManutiuS,
3258 2109 3485 2183 neque
3503 2084 3838 2155 Nicolaus
3857 2086 4219 2176 *agelium
4237 2087 4429 2159 cuius

1301 2194 1853 2275 emendationem
1902 2193 1976 2262 in
2016 2184 2251 2261 iisdem
2304 2180 2720 2261 Auaestoribus
2775 2188 3162 2262 Florentiae
3191 2185 3353 2285 [An.
3385 2183 3985 2281 1521Jvulgandis
4024 2187 4237 2259 secuti
4277 2187 4434 2261 sunt

1295 2296 1651 2373 Haeredes
1682 2293 1981 2393 Philippi
2010 2294 2267 2377 Iuntae,
2320 2315 2545 2389 neque
2579 2289 2903 2361 Coloniae
2949 2290 3074 2385 [A.
3116 2286 3358 2388 1536]
3398 2292 3690 2360 Ioannes
3737 2287 4153 2389 Gymnicus,
4203 2313 4430 2391 neque

1298 2398 1549 2474 Parifiis
1600 2394 1732 2495 [A.
1781 2417 1962 2489 ¹543
2012 2395 2042 2479 ]
2099 2391 2441 2465 Robertus
2500 2386 2920 2491 Stephanus,
3015 2390 3241 2490 neque
3305 2390 3513 2463 semel
3544 2446 3563 2477 ,
3655 2393 4044 2489 iterumque
4106 2391 4444 2485 Lugduni,

1150 2496 1157 2501 ⁴
1300 2502 1423 2609 [Α.
1484 2521 1669 2595 1537
1712 2511 1783 2568 et
1808 2504 1888 2567 Α.
1938 2493 2174 2593 ις48]
2229 2490 2643 2566 Sebastianus
2670 2495 3025 2595 Gryphius
3059 2494 3359 2585 [horum
3403 2495 3590 2565 enim
3633 2508 3791 2565 vtor
3833 2493 4256 2569 Columellae
4294 2493 4432 2564 edi-

1297 2600 1643 2694 tionibus]
1675 2598 1926 2683 fateor,
1981 2599 2290 2692 inquam,
2337 2622 2481 2666 non
2511 2594 2741 2667 videre
2783 2622 2912 2683 me,
2968 2601 3085 2694 qui
3114 2597 3423 2694 potuerit
3466 2592 3644 2681 fieri,
3706 2609 3785 2666 vt
3825 2620 3913 2666 ne
3939 2621 4111 2667 vnus
4156 2594 4430 2693 quidem

1144 2716 1161 2731 ‘
1298 2705 1553 2779 horum
1593 2714 1721 2785 tot,
1762 2716 2040 2793 tamque
2072 2698 2593 2766 exercitatorum
2638 2697 2999 2767 hominum
3045 2695 3628 2783 animaduerterit,
3677 2692 3797 2766 nisi
3836 2696 3947 2767 illa
3986 2692 4424 2768 distinffionis

1295 2819 1464 2877 nota
1494 2823 1665 2898 quae
1692 2812 1849 2868 ante
1875 2819 2120 2866 vocem
2163 2798 2517 2887 Septembri
2544 2793 2640 2865 est
2668 2794 2820 2894 post
2850 2798 3295 2895 aequinobiium
3328 2793 3845 2886 transferretur,
3890 2796 4051 2870 duas
4086 2796 4429 2871 Columel·
4481 2840 4502 2851 -

1296 2907 1404 2979 lae
1434 2900 1785 3001 deprauari
1814 2897 2211 2975 sententias:
2268 2894 2455 2992 quod
2485 2921 2625 2967 non
2653 2912 2723 2968 te
2751 2897 2979 2984 modo,
3036 2896 3149 2970 sed
3178 2900 3570 2997 quicunque
3597 2902 3672 2970 in
3701 2902 3878 2988 eius,
3923 2925 3999 2972 ac
4027 2899 4294 2972 Palladii
4337 2898 4442 2970 le·'
4565 2930 4588 2945 ·

1297 3002 1528 3077 stione
1557 3000 1665 3075 vel
1689 2996 2123 3095 mediocriter
2144 2996 2381 3071 versati
2407 2994 2555 3085 sint,
2595 2995 2813 3079 statim
2843 2996 3316 3100 perspeEtmos
3347 2996 3501 3086 effe,
3557 2997 3851 3073 confido.
3906 3004 4038 3093 §.4
4051 3002 4197 3074 Col.
4221 3027 4280 3090 2,
4300 3010 4361 3088 8,
4386 3000 4436 3096 5}

1297 3104 1434 3179 Sed
1461 3130 1539 3175 ea
1566 3116 1856 3187 tanturn,
1908 3122 2081 3197 quae
2121 3097 2278 3173 sunt
2304 3095 2388 3169 ad
2420 3096 2630 3169 finem
2664 3125 2739 3170 ca
2790 3103 2900 3172 itis
2929 3110 2992 3188 8,
3049 3096 3281 3194 legifl‘e
3312 3102 3462 3174 satis
3496 3099 3610 3188 est,
3660 3118 3736 3173 vt
3761 3104 4177 3198 intelligatur
4200 3106 4272 3175 in
4305 3095 4429 3173 isto

1294 3209 1487 3283 loco:
1543 3204 1901 3277 Tremellius
1944 3202 2185 3297 quidem
2230 3198 2536 3295 afflueret
2561 3126 2928 3301 priusguam
2967 3204 3326 3296 impleverit
3342 3259 3362 3291 ‚
3423 3204 3505 3274 ab
3552 3207 3777 3275 auibus
3826 3218 3940 3278 aut
3960 3204 4246 3299 formicis
4268 3203 4431 3299 sata

1297 3314 1415 3396 edi,
1458 3308 1568 3380 vbi
1601 3304 1847 3401 aestiuis
1846 3297 2295 3401 serenitatibus
2317 3324 2470 3398 ager
2498 3319 2670 3385 aret3
2721 3322 2864 3375 non
2889 3306 3232 3399 impleverit
3255 3328 3418 3376 cum
3446 3303 3587 3375 aliis
3616 3330 3788 3403 quos
3817 3304 4028 3379 modo
4062 3308 4430 3393 nominaui,

1259 3409 1412 3488 ‘sed
1442 3408 1743 3502 impluerit
1787 3428 1948 3477 cum
1975 3401 2305 3494 Angelio,
2356 3396 2489 3473 effe
2531 3401 2974 3481 scribendum.
3078 3409 3131 3494 §.
3166 3428 3228 3499 5.
3262 3406 3410 3479 Col.
3462 3431 3522 3493 2,
3577 3428 3604 3476 1
3628 3428 3682 3493 1,
3716 3430 3776 3500 5.
3875 3415 4158 3496 Verum,
4201 3433 4290 3480 ne
4316 3406 4430 3479 hic

1258 3512 1269 3525 '
1294 3509 1576 3612 quidem
1601 3508 1749 3581 fatis
1776 3504 2063 3598 diligens
2093 3502 2226 3576 fnit
2248 3506 2321 3575 in
2350 3528 2434 3575 eo
2478 3504 2633 3576 loco
2666 3504 2754 3575 de
2783 3505 3062 3579 Medica
3112 3505 3324 3579 herba
3361 3506 3804 3580 describendo
3840 3534 4048 3613 quem
4096 3506 4427 3583 habemus

1295 3640 1440 3715 cap.
1466 3634 1495 3684 1
1514 3633 1572 3682 1.
1679 3610 1950 3683 Tardius
1978 3604 2206 3704 meffim
2226 3610 2502 3702 primam
2532 3612 2665 3680 eius
2661 3607 2892 3702 facere
2937 3611 3265 3704 oportebit,
3311 3634 3440 3681 cum
3470 3614 3597 3680 iam
3630 3608 3941 3703 fiminum
3986 3612 4260 3711 aliquam
4275 3608 4438 3706 par·-¹

1136 3754 1157 3777 ·
1295 3732 1421 3790 tem
1458 3717 1719 3788 eiecerit.
1816 3708 2230 3806 Pqsteaquam
2265 3706 2439 3781 voles
2481 3725 2772 3799 teneram,
2797 3706 2934 3782 'ciam
2961 3712 3334 3810 prcfiluerit,
3380 3708 3615 3805 deseces
3645 3711 3805 3800 licet,
3848 3729 3909 3787 et
3937 3718 4227 3787 iumentis
4243 3738 4430 3808 prae·

1296 3818 1463 3889 beas.
1565 3816 1774 3896 Nam,
1804 3825 1883 3887 vt
1907 3811 2174 3894 caeteci,
2205 3805 2344 3879 duo
2374 3809 2488 3882 illa
2514 3807 2718 3884 verba
2746 3810 2968 3911 Pqflea
2991 3839 3175 3913 quam
3206 3814 3278 3883 in
3305 3818 3520 3883 vnum
3562 3811 3902 3912 compulit
3938 3842 4082 3889 non
4121 3810 4260 3886 {ine
4285 3813 4428 3887 sen-

1301 3918 1564 3989 tentiae
1613 3908 2036 3986 obscuritate.
2130 3907 2212 3979 Id
2244 3913 2426 3983 enim
2456 3913 2677 3984 voluit
2707 3913 3090 3987 Columella
3119 3909 3305 4012 quod
3334 3916 3410 3997 is,
3464 3916 3584 4011 qui
3625 3915 3848 4013 ipsum
3888 3918 4300 4016 plerumque
4327 3940 4434 3987 ex·

1299 4010 1576 4115 scripsit,
1626 4009 2006 4083 cumidem
2035 4012 2459 4114 praeciperet
2484 4011 2571 4085 de
2601 4012 2896 4103 Medica,
2924 4014 3164 4089 litteris
3202 4010 3568 4104 mandauit,
3614 4017 3938 4093 Palladius
3970 4017 4086 4108 [de
4121 4014 4427 4092 ReRust.

1299 4117 1343 4188 1.
1368 4140 1408 4215 5
1464 4115 1570 4184 tit.
1598 4135 1626 4185 1
1653 4112 1695 4185 s.
1722 4134 1758 4212 3
1782 4118 1848 4202 J:
1952 4113 2178 4185 Prima
2192 4114 2377 4207 meffis
2406 4120 2550 4197 eius.
2567 4118 2819 4191 tardius
2823 4116 2971 4210 fiet,
2986 4133 3063 4191 vt
3089 4115 3689 4215 aliquantum-limen
3718 4124 4012 4195 excutiat.
4117 4120 4430 4195 Caeterae

1297 4242 1448 4294 vero
1476 4215 1684 4312 mtffes
1711 4238 1898 4311 quam
1924 4214 2193 4286 volueri}
2219 4220 2343 4288 cito
2362 4228 2776 4313 peragantur,
2819 4231 2880 4288 et
2905 4222 3194 4292 iumentis
3225 4222 3665 4311 praebeantur.

1505 4320 1562 4412 §.
1581 4320 1645 4394 6.
1697 4314 1842 4389 Col.
1871 4337 1933 4417 3,
1957 4340 2019 4403 2,
2036 4337 2074 4391 ,ι
2090 4328 2154 4401 8.
2209 4315 2416 4389 Libro
2434 4332 2664 4394 autem
2680 4322 2935 4418 HIcap.
2955 4344 3019 4408 ι,
3065 4318 3180 4394 vbi
3208 4319 3293 4390 de
3306 4322 3454 4396 vuis
3472 4324 3722 4420 apianis
3744 4322 3913 4396 haec
3927 4324 4218 4418 legimus
4243 4351 4261 4395 ι
4298 4326 4430 4395 vini

1178 4454 1185 4463 ·
1290 4412 1516 4505 ssahis,
1546 4416 1669 4519 fid
1689 4420 1902 4513 capiti,
1928 4421 2158 4503 neruis,
2185 4418 2468 4519 venisque
2496 4424 2616 4491 'non
2643 4434 2855 4515 aptae,
2882 4424 2999 4525 nist
3019 4434 3258 4494 mature
3290 4422 3522 4497 tettae.-
3555 4426 3807 4518 pluuiis,
3836 4431 4172 4524 ventisque,
4206 4438 4268 4497 et
4293 4424 4440 4520 api-'

1299 4526 1412 4595 lms
1440 4518 1716 4617 afferunt
1728 4522 2075 4610 praedam3
2112 4520 2341 4625 ‘maior
2363 4516 2483 4590 ista
2510 4517 2947 4593 distinffionis
2986 4538 3165 4610 nota,
3196 4548 3367 4621 quae
3399 4537 3558 4596 ante
3573 4528 3815 4621 pluuiis
3843 4522 3968 4615 est,
4019 4542 4178 4599 ante
4202 4528 4318 4618 nist
4335 4528 4426 4596 vi·

1302 4622 1508 4698 detur
1530 4616 2013 4693 transferenda.
2112 4623 2302 4690 Nam
2337 4616 2497 4694 cum
2528 4625 2682 4694 vina
2709 4620 2799 4694 ob
2825 4622 3011 4696 acida
3037 4625 3425 4723 praesertim
3455 4628 3852 4727 corpuscula
3892 4631 4122 4701 neruis
4151 4622 4426 4701 officere

1306 4721 1685 4805 credantur,
1716 4717 2003 4791 acidiora
2030 4715 2446 4805 autem‘fint,
2492 4747 2631 4817 quo
2673 4727 2998 4799 maturius
3040 4725 3367 4818 leguntur
3393 4753 3602 4815 vuae3
3653 4755 3792 4800 non
3849 4744 4147 4831 apparet,
4199 4731 4425 4801 neruis

1307 4822 1576 4919 apianae
1609 4844 1751 4919 non
1786 4816 1917 4893 effe
1945 4834 2150 4920 aptas,
2184 4816 2304 4898 nisi
2350 4835 2617 4895 mature
2655 4822 2999 4914 legantur:
3055 4845 3292 4900 contra
3351 4843 3580 4901 autem
3621 4831 3963 4928 praeclare
4003 4822 4436 4923 intelligitur}

1311 4920 1584 4997 easdem
1613 4919 1889 5019 pluuiis,
1936 4921 2178 5008 ventis,
2231 4919 2467 5020 apibus
2504 4917 2994 5014 effe'obnoxias,
3040 4925 3160 5000 nist
3189 4937 3454 5001 inature
3470 4925 3601 4999 {int
3622 4928 3853 5019 lethe,
3880 4947 4247 5031 propterea
4276 4932 4430 5031 quia

1292 5023 1467 5111 sunt
1474 5024 1851 5125 praecoquis
1857 5020 2137 5119 flumas,
2179 5019 2371 5126 quod
2394 5022 2606 5103 modo
2637 5021 2719 5101 ab
2732 5033 3026 5132 'Autore
3068 5025 3327 5107 dietum
3366 5028 3608 5107 fuerat.
3706 5035 3761 5125 §.
3789 5056 3856 5129 7.
3895 5033 4041 5110 Col.
4075 5055 4136 5132 3,
4172 5056 4284 5122 10;
4318 5054 4425 5202 ιζι.

1702 5156 1713 5169 ,
4290 5134 4374 5215 50

4105 5992 4290 6001 --....-
4329 5982 4452 6002 ,αι-μ
4517 5752 4941 6002 4.-μῴ
