4942 6167
1034 490 1365 564 ARTIS
1403 472 2899 603 VETERINan1aE‘s1VE·MVLo
2936 483 3056 575 'M
3467 508 3614 600 269

448 702 620 754 ‘eum
656 692 685 725 ⁸
725 680 959 754 tritico
985 678 1097 751 vel
1123 677 1391 752 hordeo
1418 673 1819 768 torrefafiio,
1858 705 2018 753 eum
2042 681 2236 781 palea
2265 681 2485 771 dabis,
2525 700 2604 779 ῃ
2631 685 2959 785 quidquid
2987 650 3068 760 ex
3102 675 3483 763 diuersitate
3520 662 3626 763 ciss

454 784 708 858 borum
733 784 1029 857 voluerit
1056 784 1086 827 ¹³
1116 783 1343 876 eligat.
1445 788 1583 856 Lac
1609 797 1841 856 tamen
1867 808 2106 856 recens
2131 784 2383 858 cotidie
2409 789 2473 857 ei
2502 792 2831 861 conuenit
2859 788 3019 862 dare
3048 803 3090 861 ⁶.
3191 790 3608 866 Deambulet

452 891 779 987 primum,
803 885 918 960 vbi
944 888 1255 986 coeperit
1279 886 1753 959 conualescere
1778 885 1862 958 ad
1893 887 2287 981 exercitium
2315 888 2824 962 reuocandumd
2853 889 2966 963 est.
3051 898 3189 964 Lac
3215 891 3264 967 fi
3292 892 3606 981 defuerit,

452 1017 728 1088 aquam,
770 992 839 1060 in
870 1015 1004 1088 qua
1031 1013 1277 1062 eruum
1310 990 1495 1087 prius
1537 988 1759 1060 lotum
1802 987 1914 1061 die
1953 1014 2031 1061 ac
2070 987 2275 1063 noste
2320 992 2789 1091 permanserit,
2837 992 3023 1067 dabis
3060 998 3133 1066 in
3164 1005 3192 1040 ⁶
3232 1010 3425 1095 potu.
3522 1001 3606 1068 In
3686 1028 3726 1095 5

451 1094 645 1165 causa
675 1090 702 1137 f
729 1092 1144 1191 pulmonum
1175 1090 1262 1162 de
1289 1092 1555 1162 ceruice
1586 1090 1698 1162 vel
1723 1088 1811 1162 de
1836 1091 2063 1190 palato
2108 1093 2215 1164 his
2263 1094 2530 1187 sanguis
2581 1094 2916 1182 aufertur,
2966 1095 3210 1193 quibus
3260 1123 3388 1170 nec
3434 1095 3607 1170 fasti·
3663 1172 3670 1179 ,

450 1194 641 1268 dium
673 1197 940 1282 euenit,
985 1194 1098 1268 sed
1128 1208 1156 1250 ⁸
1181 1192 1465 1269 fortiora
1489 1191 1645 1264 sunt
1670 1216 1977 1292 corpora.
2077 1197 2357 1267 Cineres
2390 1221 2672 1295 quoque
2700 1196 2866 1269 vlmi
2893 1198 3020 1271 loti
3046 1214 3118 1271 et
3144 1197 3343 1271 infusi
3376 1202 3404 1244 ¹¹
3434 1226 3472 1271 a
3518 1224 3607 1273 ua

452 1320 611 1369 cum
646 1299 810 1371 vino
837 1300 1056 1370 veteri
1087 1297 1359 1394 optimo
1392 1292 1679 1366 odorato
1711 1294 2017 1367 heminas
2043 1292 2336 1390 {iugulas
2375 1299 2612 1371 misces
2642 1295 2659 1342 ³
2706 1314 2780 1370 et
2813 1298 3015 1373 dabis.
3113 1299 3372 1382 Quodsi
3401 1226 3605 1374 vei-ne·

450 1402 746 1473 mentius
772 1417 1093 1472 vexatum
1125 1401 1140 1443 ¹
1179 1395 1632 1490 aegritudine,
1668 1393 1977 1469 transiuit
1998 1400 2071 1469 in
2099 1397 2455 1472 morbum:
2510 1400 2773 1473 Radicis
2808 1411 2858 1445 ¹¹¹
2897 1402 3159 1474 lentisci
3190 1402 3603 1490 drachmam,

450 1504 667 1575 thuris
698 1504 935 1573 ·vncias
982 1502 1180 1585 duas,
1233 1498 1553 1598 myrrhae
1596 1497 2021 1586 drachmam,
2073 1500 2325 1573 succari
2368 1503 2837 1590 semiunciam,
2891 1519 3174 1575 contere
3219 1503 3599 1598 diligenter,

446 1621 525 1677 et
553 1629 714 1675 cum
742 1606 903 1676 vino
939 1598 1272 1676 suffunde.
1370 1604 1546 1672 Sunt
1577 1614 1650 1672 et
1672 1598 1790 1672 ista
1816 1600 2133 1674 remedia
2227 1609 2381 1675 Vua
2407 1602 2556 1677 alba
2583 1608 2654 1676 in
2689 1630 2766 1676 os
2798 1618 2826 1648 ¹¹
2878 1608 3037 1703 equi
3063 1605 3462 1703 frequenter
3492 1630 3600 1677 ex·
3674 1615 3720 1681 6
4449 1643 4508 1651 ·-

446 1711 808 1807 primatur,
856 1705 1085 1785 semen
1112 1704 1350 1775 ‘radicis
1377 1701 1573 1774 datur
1597 1703 1668 1774 in
1698 1705 1889 1791 vino,
1937 1702 2333 1801 amygdalae
2362 1704 2567 1778 frixae
2598 1725 2759 1777 cum
2789 1731 2958 1804 aqua
2986 1704 3393 1779 offeruntur.
3463 1703 3600 1778 Sed
3901 1742 3906 1745 ·

448 1806 544 1881 est
572 1809 697 1896 alia
725 1801 1063 1880 efficacior
1106 1807 1335 1905 potio:
1416 1802 1844 1876 Cardamomi
1869 1815 1902 1848 ⁰
1942 1808 2168 1878 vncias
2206 1805 2374 1878 duas
2391 1864 2408 1894 ,
2473 1804 2706 1880 caffiae
2735 1821 2767 1870 Ρ
2809 1811 3107 1895 vnciam,
3162 1805 3432 1881 storacis
3478 1832 3600 1880 vn·

444 1916 621 1984 ciam
647 1935 883 1998 vnam,
929 1933 1103 2008 quae
1132 1909 1362 1981 omnia
1387 1916 1421 1967 ‘¹
1461 1902 1510 1977 fi
1538 1904 1818 1980 validior
1846 1923 1918 1980 et
1942 1905 2084 1981 fine
2111 1906 2303 1980 febre
2337 1911 2466 1982 erit
2495 1920 2519 1954 ²·
2562 1934 2723 1983 eum
2748 1912 2946 1999 vin03
2998 1907 3048 1983 fi
3075 1907 3408 2001 febriens,
3437 1932 3601 1983 cum

443 2015 645 2087 succo
673 2013 969 2113 ptisanae
1001 2014 1128 2112 per
1160 2036 1239 2084 os
1275 2005 1480 2117 dabis.

649 2138 927 2213 XLVI.
1042 2167 1086 2210 o
1105 2165 1149 2209 a
1168 2166 1283 2209 τη
1303 2165 1347 2209 o
1368 2166 1405 2207 P
1426 2131 1584 2208 No‘i
1603 2162 1643 2207 c
1666 2163 1718 2208 v
1737 2163 1796 2209 M
1822 2147 1849 2179 ⁸
1899 2137 2290 2208 iumentum
2334 2134 2444 2208 his
2499 2139 2885 2231 agnoscitur
2936 2135 3169 2232 signis:
3214 2134 3250 2185 b
3301 2140 3508 2210 etiam
3547 2132 3599 2208 fi

442 2243 779 2330 trahatur,
808 2238 1153 2313 ambulare
1184 2233 1541 2337 detraf’tat,
1576 2236 1849 2309 anhelat
1876 2240 2202 2330 grauiter,
2232 2237 2631 2335 frequenter
2658 2240 2963 2338 suspirat,
2988 2241 3289 2315 ronches
3317 2250 3346 2285 ⁰
3387 2237 3596 2324 ducit,

442 2347 553 2418 ilia
583 2343 953 2444 suspendit,
1000 2341 1167 2415 dum
1214 2338 1575 2411 manducat
1611 2336 1815 2410 tuffit.
1917 2342 2015 2410 Ex
2044 2339 2077 2392 d
2125 2364 2263 2436 quo
2302 2342 2466 2410 vitio
2507 2337 2779 2412 difficile
2818 2338 3211 2413 liberabitur
3232 2351 3277 2430 ⁸,
3316 2339 3478 2413 licet
3522 2343 3593 2411 in
3669 2363 3715 2412 2

438 2449 734 2542 longum
758 2445 1108 2545 protrahat
1139 2445 1370 2541 vitam.
1475 2441 1721 2513 Pulmo
1752 2442 1940 2513 enim
1967 2465 2211 2511 eorum
2240 2441 2710 2514 contrahendo
2739 2443 2808 2515 se
2838 2439 3183 2514 comburit
3197 2443 3250 2529 Ψ,
3293 2441 3474 2513 vnde
3519 2453 3595 2512 et
3685 2496 3694 2503 .

440 2553 689 2623 macies
718 2573 878 2621 cum
906 2560 1133 2619 morte
1166 2544 1426 2641 insequi
1452 2543 1824 2615 consueuit.
1927 2546 2013 2613 In'
2037 2545 2299 2615 recenti
2329 2559 2559 2615 tamen
2593 2544 2769 2616 hanc
2801 2566 3033 2616 curam
3060 2540 3452 2615 festinanter
3481 2540 3591 2612 ad·
3670 2572 3708 2640 3

442 2651 727 2725 hibebis.
824 2651 1239 2742 Sanguinem
1265 2644 1351 2717 de
1382 2641 1665 2743 pestore
1698 2643 2033 2731 detrahes,
2083 2659 2155 2715 et
2185 2669 2377 2717 mero
2411 2646 2707 2743 oleoque
2735 2648 3151 2744 permixtum
3187 2659 3392 2744 atque
3424 2643 3593 2715 cale-

441 2750 695 2827 fastum
755 2775 1121 2850 perunges.
1262 2750 1599 2819 Lixiuium
1629 2762 1657 2804 ί
1710 2771 1987 2843 quoque
2036 2749 2278 2818 cineris
2324 2745 2824 2839 diligentissime
2879 2764 3177 2834 cretum,
3227 2773 3387 2818 cum
3432 2746 3591 2817 oleo

442 2860 708 2955 optimo
738 2851 1168 2951 temperabiS,
1217 2862 1288 2920 et
1315 2875 1439 2947 per
1467 2874 1659 2921 nares
1688 2845 1926 2920 diebus
1958 2849 2261 2944 quinque
2292 2850 2633 2919 continuis
2663 2847 2883 2921 eidem
2914 2847 3178 2942 digeres
3211 2845 3262 2920 ¹¹.
3364 2849 3594 2919 Potio·

439 2984 601 3031 nem
636 2981 914 3055 quoque
946 2952 1130 3026 dabis
1183 2949 1655 3049 postmodum:
1716 2951 1975 3048 Sinapis
2018 2949 2450 3022 Alexandrini
2495 2950 2674 3041 frixi,
2726 2965 2797 3021 et
2826 2947 2840 2993 ἰ
2873 2951 3209 3049 sulphuris
3253 2951 3422 3036 viui,
3473 2942 3592 3019 eti

434 3060 778 3159 myrrhae,
830 3056 1241 3130 cardamomi
1272 3055 1526 3152 species
1559 3055 1788 3150 aequis
1827 3049 2249 3150 ponderibus
2282 3051 2649 3124 contundis
2682 3055 2694 3096 ¹
2732 3068 2804 3124 et
2833 3055 3070 3138 cerniS,
3097 3068 3168 3123 et
3198 3072 3357 3122 cum
3387 3034 3592 3145 melle

441 3166 710 3261 optimo
736 3174 781 3204 ¹¹¹
826 3159 1169 3257 decoquis.
1269 3160 1365 3227 Ex
1396 3180 1535 3251 quo
1564 3150 2063 3239 medicamento
2096 3150 2178 3222 ad
2207 3152 2750 3245 magnitudinem
2794 3157 2984 3226 nucis
3019 3178 3179 3226 cum
3211 3164 3243 3196 ¹¹
3283 3155 3444 3224 vino
3491 3154 3590 3222 ni·
3665 3189 3713 3253 4

443 3288 567 3358 gro
596 3262 813 3347 calido
846 3260 1095 3347 dilues,
1150 3271 1222 3331 et
1252 3255 1556 3355 quotidie
1585 3282 1711 3355 per
1742 3280 1819 3327 os
1848 3250 2254 3352 potionabis,
2350 3254 2488 3324 Alii
2518 3266 2550 3297 ⁰
2598 3279 2760 3326 vero
2806 3256 3124 3351 myrrhae
3150 3256 3372 3325 vncias
3405 3253 3589 3339 duaS,
3662 3250 3676 3277 ‘

437 3367 777 3464 sulphuris
809 3375 841 3423 Ρ
878 3364 1141 3435 vnciam
1167 3385 1405 3446 vnam,
1461 3360 1619 3443 nitri
1646 3358 2116 3440 semiunciam,
2171 3356 2351 3452 picis
2370 3353 2661 3452 liquidae
2691 3351 3045 3452 pusillum,
3096 3354 3448 3442 deterunt,
3479 3354 3589 3425 ad-

441 3467 726 3564 ditoque
756 3465 956 3537 melle
994 3479 1066 3535 et
1091 3465 1250 3534 vino
1279 3477 1510 3534 vetere
1542 3458 1861 3544 odorante,
1914 3454 2234 3542 candido,
2276 3480 2405 3553 per
2431 3482 2625 3528 nares
2656 3457 2915 3555 saepius
2961 3457 3352 3529 infundunt.
3458 3460 3590 3526 Cu·
3659 3456 3710 3562 ’5

440 3568 619 3641 rabis
651 3584 879 3640 autem
911 3592 997 3638 ne
1026 3566 1276 3657 algeat,
1316 3559 1725 3661 temperabis
1755 3556 2341 3632 exercitationibus
2368 3573 2443 3628 vt
2470 3556 2694 3630 sudet:
2746 3573 2819 3627 et
2848 3584 2988 3629 non
3016 3559 3234 3631 solum
3264 3562 3334 3629 in
3366 3559 3592 3658 potio·
3663 3564 3668 3575 '

435 3695 559 3761 ne,
609 3669 724 3743 sed
757 3672 960 3742 etiam
987 3671 1058 3740 in
1083 3667 1295 3740 foeno
1326 3666 1585 3736 nitrum
1611 3687 1770 3735 cum
1798 3661 2213 3733 melicrato'q
2255 3659 2594 3758 asper-sum
2622 3671 2645 3704 ¹
2684 3659 2952 3757 semper
2983 3662 3284 3758 accipiat.

642 3803 701 3871 X
718 3800 963 3868 LVII.
1067 3825 1111 3869 o
1129 3826 1168 3868 P
1188 3822 1217 3866 1
1237 3823 1274 3867 s
1298 3820 1342 3863 τ
1362 3823 1414 3865 Η
1432 3818 1471 3863 ο
1493 3821 1537 3864 τ
1559 3815 1662 3862 on
1679 3817 1705 3859 ι
1730 3816 1819 3887 σοι
1859 3800 1885 3833 ³
1933 3811 2213 3887 quoque
2257 3782 2483 3857 similis
2521 3780 2728 3884 passio
2769 3783 3140 3859 declaratur
3179 3787 3228 3857 ¹².
3335 3783 3594 3857 Ortho-
3663 3774 3670 3789 ⁹

432 3901 751 3975 tonicusc
780 3894 901 3997 qui
921 3912 1111 3970 totus
1143 3892 1238 3966 est
1265 3893 1555 3988 rigiduS,
1590 3887 2132 3991 opisthotonicus
2163 3902 2187 3932 ⁸
2232 3889 2342 3960 cui
2369 3891 2443 3958 in
2470 3884 2949 3986 posterioribus
2978 3886 3278 3988 partibus
3311 3885 3591 3958 morbus

435 4000 773 4091 insederit.
876 4002 1086 4073 Cuius
1118 3994 1233 4068 ista
1254 3996 1412 4068 sunt
1439 3992 1640 4088 signa.
1739 3999 1959 4065 Aures
1988 3989 2017 4037 ‘¹
2058 3990 2305 4085 rigidas
2335 4006 2362 4043 ε
2407 3987 2720 4078 habebit,
2747 3990 3005 4063 collum
3036 3989 3404 4073 extensum,
3431 4012 3590 4060 ocu-

435 4106 543 4176 los
575 4105 906 4188 minores,
936 4100 1126 4173 tensa
1157 4098 1349 4194 pellis
1383 4101 1456 4170 in
1484 4095 1685 4183 facie,
1717 4093 1889 4167 labia
1921 4094 2182 4188 grauia,
2230 4108 2305 4164 vt
2333 4092 2608 4166 oscitare
2641 4109 2711 4163 et
2741 4092 2766 4133 f
2803 4096 3064 4192 aperire
3090 4096 3193 4164 vix
3225 4087 3457 4190 poffit,
3502 4092 3592 4162 ci-
3651 4140 3662 4147 -

434 4204 607 4281 bum
639 4220 1030 4306 potumque
1056 4196 1373 4290 fastidiet,
1427 4197 1637 4272 cauda
1664 4196 1906 4292 rigida,
1956 4191 2211 4291 gressus
2239 4196 2574 4282 incertUS,
2604 4192 2912 4270 membra
2936 4193 3217 4267 distensa
3242 4205 3289 4282 Β,
3319 4187 3591 4265 difficile

470 4312 485 4322 ⁴
808 4316 815 4325 '
3236 4291 3590 4396 progredi-

507 4473 561 4547 a)
582 4470 1055 4539 vestrim-amma
1068 4466 1317 4525 har-deum
1344 4468 1543 4543 torres:
1573 4468 1632 4528 C.
1713 4467 1775 4542 b)
1798 4466 1977 4524 volue-
2058 4471 2180 4529 chos
2195 4464 2319 4524 edd.
2353 4476 2568 4521 mneos
2587 4464 2752 4532 ducit,
2780 4464 2849 4522 al.
2864 4464 3135 4521 truncatos
3163 4465 3276 4520 duc.
3299 4446 3376 4520 CJ
3430 4462 3490 4533 d)
3509 4462 3592 4517 Ex

433 4550 517 4607 rt‘t
545 4569 662 4607 om.
696 4551 754 4609 C.
852 4551 907 4616 c)
934 4545 1062 4601 dari
1081 4547 1141 4600 C.
1230 4541 1289 4615 d)
1318 4546 1643 4599 reuocandus
1668 4546 1731 4599 C.
1839 4544 1897 4612 e)
1925 4540 1978 4597 ei
2057 4574 2157 4587 -
2185 4537 2451 4670 εοέψιεκὶι
2480 4556 2592 4594 om.
2619 4540 2675 4596 S.
2711 4540 2789 4595 M.
2866 4546 2922 4609 e)
2948 4538 3216 4594 liberatur
3242 4540 3301 4593 C.
3376 4535 3437 4608 f)
3465 4552 3590 4607 con,-

434 4624 610 4682 bihere
639 4625 705 4679 C.
798 4620 834 4677 f
839 4628 859 4691 )
885 4619 1033 4676 cuius
1052 4638 1090 4673 a
1116 4620 1179 4674 C.
1275 4620 1335 4694 g)
1360 4629 1415 4673 et
1445 4619 1506 4674 C.
1607 4617 1672 4689 h)
1693 4616 1751 4672 in
1776 4615 1880 4673 inc
1912 4616 1972 4672 C.
2054 4627 2212 4669 voret
2282 4620 2302 4670 “.
2337 4629 2599 4689 neutrum
2617 4630 2811 4669 verum
2841 4629 2996 4686 puto.
3073 4613 3132 4688 g)
3162 4609 3408 4666 Lixiuum
3430 4626 3585 4686 quoq,

431 4699 481 4768 i)
507 4694 742 4772 mestebis
774 4697 833 4752 C.
908 4695 957 4764 l)
984 4690 1275 4748 vexabitur
1300 4690 1583 4765 aegritudo
1608 4707 1664 4748 et
1688 4688 1973 4746 transierit
2055 4687 2150 4744 dil.
2181 4687 2395 4753 tritum,
2422 4700 2483 4742 et·
2506 4689 2564 4745 C.
2592 4687 2657 4742 ol.
2672 4686 2798 4761 opti.
2813 4699 3163 4761 temperatum
3169 4698 3273 4760 per
3292 4700 3451 4736 neres
3474 4701 3584 4746 etc.

432 4776 494 4832 C.
572 4776 657 4843 m)
681 4769 914 4825 radicem
944 4770 1003 4826 C.
1095 4765 1163 4837 n)
1185 4783 1276 4822 ore
1314 4765 1376 4823 C.
1467 4764 1528 4834 o)
1558 4765 1713 4842 (casti
1722 4804 1739 4831 ,
1780 4762 1974 4839 iringie’
2058 4763 2116 4818 C.
2155 4760 2240 4833 h)
2266 4758 2523 4823 &nmines
2533 4762 2587 4818 S.
2603 4762 2688 4817 M.
2727 4759 2776 4832 i)
2803 4774 2855 4817 et
2871 4779 2981 4816 om.
2998 4762 3059 4818 C.
3097 4760 3146 4830 l)
3174 4759 3459 4819 contundes
3485 4788 3588 4803 —-

431 4851 574 4922 (pro
601 4841 835 4917 eryngii>
866 4838 1254 4912 radiciscassae
1267 4838 1400 4909 ana)
1424 4838 1525 4893 ins.
1541 4838 1597 4896 S.
1636 4838 1765 4915 costi
1775 4856 1894 4896 vnc.
1916 4857 1970 4904 2,
2050 4853 2233 4893 cernes
2250 4866 2342 4881 —
2355 4837 2602 4909 decoque:
2614 4837 2679 4892 C.
2740 4834 2819 4907 m)
2847 4833 3032 4895 Attico
3053 4833 3112 4891 F.
3125 4835 3210 4891 M.
3243 4833 3299 4888 S.
3316 4833 3395 4889 Μ.
3445 4834 3513 4897 n)
3527 4827 3587 4889 t‘u

431 4918 754 4978 cinnamomi
789 4934 913 4973 vac.
946 4933 993 4982 1,
1029 4913 1241 4990 eryngii
1269 4911 1467 4969 radicis
1492 4928 1613 4968 vnc.
1652 4933 1706 4981 2,
1733 4908 1975 4988 stararis
2055 4912 2114 4968 C.
2191 4909 2253 4980 o)
2274 4909 2439 4971 ,Hinc
2455 4929 2568 4966 om.
2590 4911 2644 4966 S.
2663 4909 2746 4965 M.
2820 4911 2882 4982 p)
2897 4903 3126 4981 fielferis
3140 4906 3260 4963 vine·
3284 4908 3411 4979 (pro
3425 4901 3584 4973 viui).

420 4994 601 5071 semen
632 4989 882 5068 (fisemc.
924 4989 979 5046 h.
992 5009 1041 5047 e.
1098 4989 1337 5060 emunit.)
1377 4987 1436 5042 C.
1557 4988 1633 5057 p)
1657 4985 1972 5065 clanmotni
2051 4988 2116 5061 q)
2141 4982 2210 5042 fic
2235 4986 2293 5040 C.
2324 4984 2543 5040 mellicr.
2573 4983 2700 5039 edd.
2803 4998 2856 5047 r)
2875 4976 3000 5055 sum
3028 4983 3091 5037 C.
3205 4972 3582 5050 [.C.x[.vn.]
4297 5042 4316 5057 Ἃ

414 5072 486 5128 3,
512 5072 596 5129 Μ,
673 5074 740 5141 (ι.)
769 5061 946 5140 tunsa,
960 5064 1026 5136 st
1076 5078 1360 5140 requenter
1370 5057 1611 5136 suspirat
1644 5060 1703 5114 C.
1777 5063 1825 5127 r)
1836 5059 1968 5129 fue·
2050 5065 2102 5131 a)
2127 5057 2418 5145 Eptssotoni
2430 5058 2490 5114 F.
2529 5059 2589 5128 b)
2615 5055 2888 5111 indicatur
2900 5055 2976 5113 Fa
3015 5058 3070 5119 c)
3097 5051 3289 5130 estius
3309 5056 3369 5110 C.
3423 5053 3482 5119 d)
3498 5068 3585 5112 re..
4757 5022 4792 5081 s

428 5144 511 5198 rit
544 5146 603 5200 C.
680 5140 771 5216 [C.
788 5140 1010 5206 XLvm
1075 5139 1128 5209 a)
1157 5131 1651 5214 Ortholssophsbum
1678 5131 1736 5187 F.
1773 5132 1969 5185 Ortho-
2048 5149 2141 5186 nes
2167 5131 2369 5205 rtgidos
2391 5132 2453 5187 C.
2564 5131 2619 5200 e)
2634 5128 2885 5204 srtjgt’daes
2913 5129 2972 5185 F.
2989 5129 3073 5186 M.
3099 5131 3153 5191 S,
3170 5130 3255 5185 M.
3364 5124 3400 5182 f
3402 5130 3426 5198 )
3456 5124 3582 5198 (οι)
3626 5178 3634 5185 ,

427 5217 659 5276 micum
678 5217 738 5273 c,
769 5211 984 5273 nobisc.
1002 5213 1058 5273 s.
1090 5213 1170 5341 x1³)
1184 5226 1251 5271 vs
1269 5209 1635 5270 -dareaet
1652 5209 1713 5266 c.
1760 5207 1817 5280 c)
1841 5220 1968 5262 m.
2047 5203 2150 5263 ini
2175 5206 2229 5262 S·
2253 5219 2349 5283 Μ
2378 5220 2434 5261 ⁰⁸
2457 5201 2564 5263 ω’
2592 5204 2686 5336 ῗι
2728 5208 2796 5352 1⁸)
2823 5201 3055 5279 &stim
3085 5205 3148 5261 ς’
3325 5263 3419 5344 Ἦ)
3450 5246 3589 5326 “⁰³²
