<?xml version="1.0" encoding="UTF-8"?>
<!DOCTYPE html PUBLIC "-//W3C//DTD XHTML 1.0 Transitional//EN"
    "http://www.w3.org/TR/xhtml1/DTD/xhtml1-transitional.dtd">
<html xmlns="http://www.w3.org/1999/xhtml" xml:lang="en" lang="en">
 <head>
  <title>
</title>
<meta http-equiv="Content-Type" content="text/html;charset=utf-8" />
  <meta name='ocr-system' content='tesseract 3.04.00' />
  <meta name='ocr-capabilities' content='ocr_page ocr_carea ocr_par ocr_line ocrx_word'/>
</head>
<body>
  <div class='ocr_page' id='page_1' title='image "./scriptoresreiru00ernegoog_0348.png"; bbox 0 0 4942 6167; ppageno 0'>
   <div class='ocr_carea' id='block_1_1' title="bbox 1354 398 3753 557">
    <p class='ocr_par' dir='ltr' id='par_1_1' title="bbox 1354 398 3753 557">
     <span class='ocr_line' id='line_1_1' title="bbox 1354 398 3753 557; baseline -0.004 -38"><span class='ocrx_word' id='word_1_1' title='bbox 1354 468 1518 547; x_wconf 67' lang='lat'><strong>³04</strong></span> <span class='ocrx_word' id='word_1_2' title='bbox 1768 398 1773 407; x_wconf 68' lang='grc'><strong>’</strong></span> <span class='ocrx_word' id='word_1_3' title='bbox 1832 524 1843 528; x_wconf 58' lang='grc'><strong>,</strong></span> <span class='ocrx_word' id='word_1_4' title='bbox 2066 436 2541 515; x_wconf 74' lang='lat' dir='ltr'>VEGETH</span> <span class='ocrx_word' id='word_1_5' title='bbox 2621 437 2830 509; x_wconf 74' lang='lat' dir='ltr'><strong>us.</strong></span> <span class='ocrx_word' id='word_1_6' title='bbox 2888 437 3008 508; x_wconf 79' lang='grc' dir='ltr'><strong>Ν.</strong></span> <span class='ocrx_word' id='word_1_7' title='bbox 3074 435 3753 557; x_wconf 49' lang='lat' dir='ltr'><strong>.car.3xxv1&gt;11.</strong></span> 
     </span>
    </p>
   </div>
   <div class='ocr_carea' id='block_1_2' title="bbox 1180 618 4620 3561">
    <p class='ocr_par' dir='ltr' id='par_1_2' title="bbox 1180 618 4620 3561">
     <span class='ocr_line' id='line_1_2' title="bbox 1245 618 4504 725; baseline -0.003 -16"><span class='ocrx_word' id='word_1_8' title='bbox 1245 655 1326 721; x_wconf 56' lang='grc' dir='ltr'><strong>πό</strong></span> <span class='ocrx_word' id='word_1_9' title='bbox 1351 633 1676 725; x_wconf 79' lang='lat' dir='ltr'><strong>axungiae</strong></span> <span class='ocrx_word' id='word_1_10' title='bbox 1716 627 1966 703; x_wconf 80' lang='lat' dir='ltr'><strong>vetetis</strong></span> <span class='ocrx_word' id='word_1_11' title='bbox 2001 624 2226 699; x_wconf 69' lang='lat' dir='ltr'><strong>meins</strong></span> <span class='ocrx_word' id='word_1_12' title='bbox 2266 627 2347 711; x_wconf 92' lang='lat'><strong>6,</strong></span> <span class='ocrx_word' id='word_1_13' title='bbox 2403 622 2579 694; x_wconf 80' lang='lat' dir='ltr'><strong>aceti</strong></span> <span class='ocrx_word' id='word_1_14' title='bbox 2619 619 2840 718; x_wconf 81' lang='lat' dir='ltr'><strong>serup.</strong></span> <span class='ocrx_word' id='word_1_15' title='bbox 2883 639 2950 714; x_wconf 77' lang='lat'><strong>3.</strong></span> <span class='ocrx_word' id='word_1_16' title='bbox 3093 621 3271 692; x_wconf 88' lang='lat' dir='ltr'><strong>Item</strong></span> <span class='ocrx_word' id='word_1_17' title='bbox 3323 622 3848 694; x_wconf 78' lang='lat' dir='ltr'><strong>Traumatieum</strong></span> <span class='ocrx_word' id='word_1_18' title='bbox 3876 618 4082 693; x_wconf 79' lang='lat' dir='ltr'><strong>¹¹·an</strong></span> <span class='ocrx_word' id='word_1_19' title='bbox 4125 626 4380 716; x_wconf 74' lang='lat' dir='ltr'><strong>genere</strong></span> <span class='ocrx_word' id='word_1_20' title='bbox 4415 623 4504 699; x_wconf 81' lang='lat' dir='ltr'><strong>ad</strong></span> 
     </span>
     <span class='ocr_line' id='line_1_3' title="bbox 1350 721 4505 820; baseline -0.004 -9"><span class='ocrx_word' id='word_1_21' title='bbox 1350 761 1662 811; x_wconf 76' lang='lat' dir='ltr'>verrucas</span> <span class='ocrx_word' id='word_1_22' title='bbox 1686 728 2053 805; x_wconf 75' lang='lat' dir='ltr'><strong>tollendasz</strong></span> <span class='ocrx_word' id='word_1_23' title='bbox 2101 725 2321 797; x_wconf 89' lang='lat' dir='ltr'><strong>Floris</strong></span> <span class='ocrx_word' id='word_1_24' title='bbox 2359 721 2662 795; x_wconf 72' lang='lat' dir='ltr'><strong>chalcitis</strong></span> <span class='ocrx_word' id='word_1_25' title='bbox 2702 722 2927 795; x_wconf 79' lang='lat' dir='ltr'><strong>vncias</strong></span> <span class='ocrx_word' id='word_1_26' title='bbox 2967 732 3031 807; x_wconf 64' lang='lat' dir='ltr'><strong>a,</strong></span> <span class='ocrx_word' id='word_1_27' title='bbox 3081 723 3245 794; x_wconf 88' lang='lat' dir='ltr'><strong>nitri</strong></span> <span class='ocrx_word' id='word_1_28' title='bbox 3280 725 3504 795; x_wconf 81' lang='lat' dir='ltr'><strong>vncias</strong></span> <span class='ocrx_word' id='word_1_29' title='bbox 3546 748 3607 811; x_wconf 75' lang='grc' dir='ltr'><strong>ι,</strong></span> <span class='ocrx_word' id='word_1_30' title='bbox 3657 722 3842 795; x_wconf 86' lang='lat' dir='ltr'><strong>lasari</strong></span> <span class='ocrx_word' id='word_1_31' title='bbox 3869 733 3901 767; x_wconf 78' lang='lat'><em>¹</em></span> <span class='ocrx_word' id='word_1_32' title='bbox 3951 726 4176 797; x_wconf 78' lang='lat' dir='ltr'><strong>v&#39;ncias</strong></span> <span class='ocrx_word' id='word_1_33' title='bbox 4221 748 4285 820; x_wconf 77' lang='lat'><strong>3,</strong></span> <span class='ocrx_word' id='word_1_34' title='bbox 4329 730 4505 803; x_wconf 76' lang='lat' dir='ltr'><strong>aoeti</strong></span> 
     </span>
     <span class='ocr_line' id='line_1_4' title="bbox 1350 819 4502 925; baseline -0.004 -13"><span class='ocrx_word' id='word_1_35' title='bbox 1350 840 1720 912; x_wconf 67' lang='lat' dir='ltr'><strong>heminam·</strong></span> <span class='ocrx_word' id='word_1_36' title='bbox 1821 837 2000 904; x_wconf 88' lang='lat' dir='ltr'><strong>Item</strong></span> <span class='ocrx_word' id='word_1_37' title='bbox 2024 827 2155 899; x_wconf 83' lang='lat' dir='ltr'><strong>alio</strong></span> <span class='ocrx_word' id='word_1_38' title='bbox 2188 848 2442 917; x_wconf 85' lang='lat' dir='ltr'><strong>genere</strong></span> <span class='ocrx_word' id='word_1_39' title='bbox 2487 820 2573 895; x_wconf 88' lang='lat' dir='ltr'><strong>ad</strong></span> <span class='ocrx_word' id='word_1_40' title='bbox 2614 819 3127 915; x_wconf 78' lang='lat' dir='ltr'><strong>suffraginosos:</strong></span> <span class='ocrx_word' id='word_1_41' title='bbox 3203 826 3605 917; x_wconf 86' lang='lat' dir='ltr'><strong>Aeruginis,</strong></span> <span class='ocrx_word' id='word_1_42' title='bbox 3664 824 3978 897; x_wconf 80' lang='lat' dir='ltr'>aluminis</span> <span class='ocrx_word' id='word_1_43' title='bbox 4021 849 4150 896; x_wconf 84' lang='lat' dir='ltr'><strong>ana</strong></span> <span class='ocrx_word' id='word_1_44' title='bbox 4187 825 4400 925; x_wconf 87' lang='lat' dir='ltr'><strong>pond.</strong></span> <span class='ocrx_word' id='word_1_45' title='bbox 4438 850 4502 922; x_wconf 81' lang='grc' dir='ltr'><strong>ς,</strong></span> 
     </span>
     <span class='ocr_line' id='line_1_5' title="bbox 1245 923 4504 1026; baseline -0.005 -11"><span class='ocrx_word' id='word_1_46' title='bbox 1245 956 1326 1026; x_wconf 83' lang='lat'><strong>17</strong></span> <span class='ocrx_word' id='word_1_47' title='bbox 1352 939 1605 1014; x_wconf 80' lang='lat' dir='ltr'><strong>herbae</strong></span> <span class='ocrx_word' id='word_1_48' title='bbox 1632 934 1911 1008; x_wconf 73' lang='lat' dir='ltr'><strong>sideritis</strong></span> <span class='ocrx_word' id='word_1_49' title='bbox 1940 942 1990 1018; x_wconf 73' lang='lat' dir='ltr'><strong>Y,</strong></span> <span class='ocrx_word' id='word_1_50' title='bbox 2038 927 2354 1000; x_wconf 84' lang='lat' dir='ltr'><strong>ferrariae</strong></span> <span class='ocrx_word' id='word_1_51' title='bbox 2383 923 2594 1025; x_wconf 87' lang='lat' dir='ltr'><strong>pond.</strong></span> <span class='ocrx_word' id='word_1_52' title='bbox 2629 949 2688 1013; x_wconf 87' lang='lat'><strong>1,</strong></span> <span class='ocrx_word' id='word_1_53' title='bbox 2735 927 2911 996; x_wconf 83' lang='lat' dir='ltr'><strong>aceti</strong></span> <span class='ocrx_word' id='word_1_54' title='bbox 2939 926 3076 995; x_wconf 87' lang='lat' dir='ltr'><strong>acri</strong></span> <span class='ocrx_word' id='word_1_55' title='bbox 3097 933 3127 967; x_wconf 77' lang='lat'>²</span> <span class='ocrx_word' id='word_1_56' title='bbox 3156 925 3512 998; x_wconf 82' lang='lat' dir='ltr'><strong>sextarium</strong></span> <span class='ocrx_word' id='word_1_57' title='bbox 3542 950 3777 999; x_wconf 84' lang='lat' dir='ltr'><strong>vnum.</strong></span> <span class='ocrx_word' id='word_1_58' title='bbox 3927 923 4040 999; x_wconf 89' lang='lat' dir='ltr'><strong>Ad</strong></span> <span class='ocrx_word' id='word_1_59' title='bbox 4065 924 4448 1020; x_wconf 82' lang='lat' dir='ltr'><strong>flegmonas</strong></span> <span class='ocrx_word' id='word_1_60' title='bbox 4472 940 4504 977; x_wconf 79' lang='lat'>⁸</span> 
     </span>
     <span class='ocr_line' id='line_1_6' title="bbox 1352 1024 4505 1120; baseline -0.004 -5"><span class='ocrx_word' id='word_1_61' title='bbox 1352 1035 1828 1117; x_wconf 80' lang='lat' dir='ltr'><strong>discutiendas:</strong></span> <span class='ocrx_word' id='word_1_62' title='bbox 1898 1028 2162 1109; x_wconf 76' lang='lat' dir='ltr'><strong>RadIcis</strong></span> <span class='ocrx_word' id='word_1_63' title='bbox 2190 1026 2253 1117; x_wconf 69' lang='lat' dir='ltr'><strong>b,</strong></span> <span class='ocrx_word' id='word_1_64' title='bbox 2300 1030 2480 1116; x_wconf 84' lang='lat' dir='ltr'><strong>erui,</strong></span> <span class='ocrx_word' id='word_1_65' title='bbox 2523 1027 3117 1120; x_wconf 75' lang='lat' dir='ltr'><strong>axungiae‚‚aceti</strong></span> <span class='ocrx_word' id='word_1_66' title='bbox 3156 1028 3357 1114; x_wconf 88' lang='lat' dir='ltr'><strong>acris,</strong></span> <span class='ocrx_word' id='word_1_67' title='bbox 3403 1027 3559 1119; x_wconf 86' lang='lat' dir='ltr'><strong>linis</strong></span> <span class='ocrx_word' id='word_1_68' title='bbox 3605 1029 3678 1119; x_wconf 75' lang='lat' dir='ltr'><strong>in</strong></span> <span class='ocrx_word' id='word_1_69' title='bbox 3719 1028 3977 1113; x_wconf 79' lang='lat' dir='ltr'><strong>linteo,</strong></span> <span class='ocrx_word' id='word_1_70' title='bbox 4032 1040 4106 1100; x_wconf 89' lang='lat' dir='ltr'><strong>et</strong></span> <span class='ocrx_word' id='word_1_71' title='bbox 4143 1024 4238 1101; x_wconf 88' lang='lat' dir='ltr'><strong>fic</strong></span> <span class='ocrx_word' id='word_1_72' title='bbox 4275 1032 4505 1103; x_wconf 77' lang='lat' dir='ltr'><strong>vteris.</strong></span> 
     </span>
     <span class='ocr_line' id='line_1_7' title="bbox 1242 1125 4502 1230; baseline -0.002 -19"><span class='ocrx_word' id='word_1_73' title='bbox 1242 1151 1319 1223; x_wconf 80' lang='lat'><strong>18</strong></span> <span class='ocrx_word' id='word_1_74' title='bbox 1350 1140 1732 1218; x_wconf 87' lang='lat' dir='ltr'><strong>Causticum</strong></span> <span class='ocrx_word' id='word_1_75' title='bbox 1760 1132 1845 1206; x_wconf 89' lang='lat' dir='ltr'><strong>ad</strong></span> <span class='ocrx_word' id='word_1_76' title='bbox 1876 1154 2128 1206; x_wconf 81' lang='lat' dir='ltr'><strong>neruos</strong></span> <span class='ocrx_word' id='word_1_77' title='bbox 2155 1126 2426 1217; x_wconf 75' lang='lat' dir='ltr'><strong>crassos,</strong></span> <span class='ocrx_word' id='word_1_78' title='bbox 2470 1128 2580 1201; x_wconf 84' lang='lat' dir='ltr'><strong>vel</strong></span> <span class='ocrx_word' id='word_1_79' title='bbox 2608 1151 3052 1228; x_wconf 87' lang='lat' dir='ltr'><strong>quaecunque</strong></span> <span class='ocrx_word' id='word_1_80' title='bbox 3079 1128 3154 1198; x_wconf 89' lang='lat' dir='ltr'><strong>in</strong></span> <span class='ocrx_word' id='word_1_81' title='bbox 3194 1129 3439 1201; x_wconf 84' lang='lat' dir='ltr'><strong>notitia</strong></span> <span class='ocrx_word' id='word_1_82' title='bbox 3463 1143 3491 1173; x_wconf 70' lang='lat'><strong>⁶</strong></span> <span class='ocrx_word' id='word_1_83' title='bbox 3533 1128 3724 1200; x_wconf 81' lang='lat' dir='ltr'><strong>sunt:</strong></span> <span class='ocrx_word' id='word_1_84' title='bbox 3777 1125 4102 1218; x_wconf 80' lang='lat' dir='ltr'><strong>Galbani,</strong></span> <span class='ocrx_word' id='word_1_85' title='bbox 4155 1154 4502 1230; x_wconf 80' lang='lat' dir='ltr'><strong>opopana—</strong></span> 
     </span>
     <span class='ocr_line' id='line_1_8' title="bbox 1348 1227 4502 1330; baseline -0.008 -14"><span class='ocrx_word' id='word_1_86' title='bbox 1348 1248 1446 1316; x_wconf 81' lang='lat' dir='ltr'><strong>cis</strong></span> <span class='ocrx_word' id='word_1_87' title='bbox 1462 1299 1480 1330; x_wconf 91' lang='lat'><strong>,</strong></span> <span class='ocrx_word' id='word_1_88' title='bbox 1542 1236 1880 1312; x_wconf 77' lang='lat' dir='ltr'><strong>medullae</strong></span> <span class='ocrx_word' id='word_1_89' title='bbox 1930 1236 2279 1320; x_wconf 85' lang='lat' dir='ltr'><strong>ceruinae,</strong></span> <span class='ocrx_word' id='word_1_90' title='bbox 2339 1227 2597 1303; x_wconf 85' lang='lat' dir='ltr'><strong>refinae</strong></span> <span class='ocrx_word' id='word_1_91' title='bbox 2647 1228 3179 1315; x_wconf 72' lang='lat' dir='ltr'><strong>terebinthinae,</strong></span> <span class='ocrx_word' id='word_1_92' title='bbox 3241 1230 3664 1316; x_wconf 86' lang='lat' dir='ltr'><strong>Armeniaci,</strong></span> <span class='ocrx_word' id='word_1_93' title='bbox 3681 1240 3702 1247; x_wconf 73' lang='grc'><strong>”“</strong></span> <span class='ocrx_word' id='word_1_94' title='bbox 3731 1229 4109 1328; x_wconf 84' lang='lat' dir='ltr'><strong>propoleos</strong></span> <span class='ocrx_word' id='word_1_95' title='bbox 4138 1233 4192 1319; x_wconf 70' lang='lat' dir='ltr'><strong>d,</strong></span> <span class='ocrx_word' id='word_1_96' title='bbox 4263 1233 4502 1321; x_wconf 63' lang='lat' dir='ltr'><strong>viche,</strong></span> 
     </span>
     <span class='ocr_line' id='line_1_9' title="bbox 1250 1327 4499 1441; baseline -0.002 -27"><span class='ocrx_word' id='word_1_97' title='bbox 1250 1366 1259 1375; x_wconf 91' lang='lat'>·</span> <span class='ocrx_word' id='word_1_98' title='bbox 1346 1345 1567 1417; x_wconf 84' lang='lat' dir='ltr'><strong>thuris</strong></span> <span class='ocrx_word' id='word_1_99' title='bbox 1593 1339 1903 1441; x_wconf 89' lang='lat' dir='ltr'><strong>pollinis,</strong></span> <span class='ocrx_word' id='word_1_100' title='bbox 1954 1334 2115 1407; x_wconf 89' lang='lat' dir='ltr'><strong>bina</strong></span> <span class='ocrx_word' id='word_1_101' title='bbox 2156 1332 2495 1431; x_wconf 88' lang='lat' dir='ltr'><strong>pondera,</strong></span> <span class='ocrx_word' id='word_1_102' title='bbox 2546 1327 2798 1403; x_wconf 76' lang='lat' dir='ltr'><strong>resinae</strong></span> <span class='ocrx_word' id='word_1_103' title='bbox 2839 1330 3046 1402; x_wconf 84' lang='lat' dir='ltr'><strong>frixae</strong></span> <span class='ocrx_word' id='word_1_104' title='bbox 3084 1329 3395 1428; x_wconf 87' lang='lat' dir='ltr'><strong>pondera</strong></span> <span class='ocrx_word' id='word_1_105' title='bbox 3439 1354 3515 1426; x_wconf 85' lang='lat'><strong>5,</strong></span> <span class='ocrx_word' id='word_1_106' title='bbox 3556 1329 3910 1403; x_wconf 79' lang='lat' dir='ltr'>bituminis</span> <span class='ocrx_word' id='word_1_107' title='bbox 3950 1332 4164 1430; x_wconf 88' lang='lat' dir='ltr'><strong>pond.</strong></span> <span class='ocrx_word' id='word_1_108' title='bbox 4211 1356 4247 1428; x_wconf 85' lang='lat'><em>3</em></span> <span class='ocrx_word' id='word_1_109' title='bbox 4270 1391 4288 1421; x_wconf 93' lang='lat'><strong>,</strong></span> <span class='ocrx_word' id='word_1_110' title='bbox 4327 1335 4499 1431; x_wconf 85' lang='lat' dir='ltr'><strong>picis</strong></span> 
     </span>
     <span class='ocr_line' id='line_1_10' title="bbox 1348 1431 4500 1542; baseline -0.003 -25"><span class='ocrx_word' id='word_1_111' title='bbox 1348 1445 1555 1517; x_wconf 82' lang='lat' dir='ltr'><strong>durae</strong></span> <span class='ocrx_word' id='word_1_112' title='bbox 1582 1438 1791 1542; x_wconf 88' lang='lat' dir='ltr'><strong>pond.</strong></span> <span class='ocrx_word' id='word_1_113' title='bbox 1827 1462 1906 1533; x_wconf 77' lang='grc' dir='ltr'><strong>ς,</strong></span> <span class='ocrx_word' id='word_1_114' title='bbox 1958 1433 2214 1508; x_wconf 84' lang='lat' dir='ltr'><strong>refinae</strong></span> <span class='ocrx_word' id='word_1_115' title='bbox 2244 1437 2552 1534; x_wconf 77' lang='lat' dir='ltr'><strong>pituinae</strong></span> <span class='ocrx_word' id='word_1_116' title='bbox 2574 1431 2784 1531; x_wconf 73' lang='lat' dir='ltr'><strong>pond.</strong></span> <span class='ocrx_word' id='word_1_117' title='bbox 2824 1454 2862 1526; x_wconf 85' lang='lat'>5</span> <span class='ocrx_word' id='word_1_118' title='bbox 2884 1489 2900 1519; x_wconf 91' lang='lat'><strong>,</strong></span> <span class='ocrx_word' id='word_1_119' title='bbox 2941 1455 3135 1503; x_wconf 83' lang='lat' dir='ltr'><strong>cerae</strong></span> <span class='ocrx_word' id='word_1_120' title='bbox 3164 1431 3375 1531; x_wconf 70' lang='lat' dir='ltr'><strong>pond</strong></span> <span class='ocrx_word' id='word_1_121' title='bbox 3407 1455 3483 1525; x_wconf 84' lang='lat'><strong>5,</strong></span> <span class='ocrx_word' id='word_1_122' title='bbox 3529 1432 3667 1505; x_wconf 92' lang='lat' dir='ltr'><strong>olei</strong></span> <span class='ocrx_word' id='word_1_123' title='bbox 3695 1433 3908 1503; x_wconf 88' lang='lat' dir='ltr'><strong>cerini</strong></span> <span class='ocrx_word' id='word_1_124' title='bbox 3928 1433 4140 1531; x_wconf 84' lang='lat' dir='ltr'><strong>pond.</strong></span> <span class='ocrx_word' id='word_1_125' title='bbox 4178 1457 4254 1529; x_wconf 81' lang='lat'><strong>3,</strong></span> <span class='ocrx_word' id='word_1_126' title='bbox 4307 1437 4500 1507; x_wconf 88' lang='lat' dir='ltr'><strong>inco·</strong></span> 
     </span>
     <span class='ocr_line' id='line_1_11' title="bbox 1240 1530 4498 1643; baseline 0 -28"><span class='ocrx_word' id='word_1_127' title='bbox 1240 1558 1320 1626; x_wconf 80' lang='lat'><strong>19</strong></span> <span class='ocrx_word' id='word_1_128' title='bbox 1349 1550 1469 1619; x_wconf 87' lang='lat' dir='ltr'><strong>mii</strong></span> <span class='ocrx_word' id='word_1_129' title='bbox 1498 1543 1708 1643; x_wconf 90' lang='lat' dir='ltr'><strong>pond.</strong></span> <span class='ocrx_word' id='word_1_130' title='bbox 1744 1566 1819 1628; x_wconf 84' lang='lat'><strong>2,</strong></span> <span class='ocrx_word' id='word_1_131' title='bbox 1865 1536 2134 1610; x_wconf 83' lang='lat' dir='ltr'><strong>storacis</strong></span> <span class='ocrx_word' id='word_1_132' title='bbox 2164 1534 2373 1634; x_wconf 89' lang='lat' dir='ltr'><strong>pond.</strong></span> <span class='ocrx_word' id='word_1_133' title='bbox 2423 1559 2506 1623; x_wconf 87' lang='lat'><strong>2,</strong></span> <span class='ocrx_word' id='word_1_134' title='bbox 2566 1534 2724 1606; x_wconf 85' lang='lat' dir='ltr'><strong>visci</strong></span> <span class='ocrx_word' id='word_1_135' title='bbox 2771 1532 2981 1633; x_wconf 85' lang='lat' dir='ltr'><strong>pond.</strong></span> <span class='ocrx_word' id='word_1_136' title='bbox 3017 1558 3078 1605; x_wconf 89' lang='lat'><strong>2.</strong></span> <span class='ocrx_word' id='word_1_137' title='bbox 3186 1588 3196 1600; x_wconf 84' lang='grc'><strong>,</strong></span> <span class='ocrx_word' id='word_1_138' title='bbox 3231 1530 3616 1606; x_wconf 84' lang='lat' dir='ltr'><strong>Causticum</strong></span> <span class='ocrx_word' id='word_1_139' title='bbox 3656 1531 3744 1606; x_wconf 85' lang='lat' dir='ltr'><strong>ad</strong></span> <span class='ocrx_word' id='word_1_140' title='bbox 3786 1556 4164 1607; x_wconf 86' lang='lat' dir='ltr'><strong>neruorum</strong></span> <span class='ocrx_word' id='word_1_141' title='bbox 4203 1534 4498 1615; x_wconf 77' lang='lat' dir='ltr'><strong>dolores..</strong></span> 
     </span>
     <span class='ocr_line' id='line_1_12' title="bbox 1346 1626 4498 1734; baseline -0.004 -12"><span class='ocrx_word' id='word_1_142' title='bbox 1346 1645 1664 1732; x_wconf 77' lang='lat' dir='ltr'><strong>Galbani,</strong></span> <span class='ocrx_word' id='word_1_143' title='bbox 1713 1640 2017 1725; x_wconf 89' lang='lat' dir='ltr'><strong>storacis,</strong></span> <span class='ocrx_word' id='word_1_144' title='bbox 2066 1637 2315 1724; x_wconf 88' lang='lat' dir='ltr'><strong>violae,</strong></span> <span class='ocrx_word' id='word_1_145' title='bbox 2346 1635 2755 1734; x_wconf 84' lang='lat' dir='ltr'><strong>p‘ropoleos,</strong></span> <span class='ocrx_word' id='word_1_146' title='bbox 2788 1630 3044 1706; x_wconf 83' lang='lat' dir='ltr'><strong>refluae</strong></span> <span class='ocrx_word' id='word_1_147' title='bbox 3069 1630 3334 1727; x_wconf 78' lang='lat' dir='ltr'><strong>{ing-ula</strong></span> <span class='ocrx_word' id='word_1_148' title='bbox 3361 1631 3571 1734; x_wconf 85' lang='lat' dir='ltr'><strong>pond.</strong></span> <span class='ocrx_word' id='word_1_149' title='bbox 3611 1634 4090 1733; x_wconf 74' lang='lat' dir='ltr'><strong>Colophoniae</strong></span> <span class='ocrx_word' id='word_1_150' title='bbox 4116 1626 4343 1709; x_wconf 66' lang='lat' dir='ltr'><strong>vncias</strong></span> <span class='ocrx_word' id='word_1_151' title='bbox 4369 1638 4498 1725; x_wconf 79' lang='lat' dir='ltr'><strong>sex,</strong></span> 
     </span>
     <span class='ocr_line' id='line_1_13' title="bbox 1344 1733 4620 1838; baseline -0.004 -15"><span class='ocrx_word' id='word_1_152' title='bbox 1344 1746 1599 1837; x_wconf 68' lang='lat' dir='ltr'><strong>resinae</strong></span> <span class='ocrx_word' id='word_1_153' title='bbox 1625 1741 2125 1818; x_wconf 77' lang='lat' dir='ltr'><strong>terebinthinae</strong></span> <span class='ocrx_word' id='word_1_154' title='bbox 2154 1735 2369 1835; x_wconf 83' lang='lat' dir='ltr'><strong>pond.</strong></span> <span class='ocrx_word' id='word_1_155' title='bbox 2397 1743 2478 1825; x_wconf 87' lang='lat'><strong>6,</strong></span> <span class='ocrx_word' id='word_1_156' title='bbox 2523 1740 2932 1836; x_wconf 72' lang='lat' dir='ltr'><strong>opopanacis</strong></span> <span class='ocrx_word' id='word_1_157' title='bbox 2959 1735 3172 1834; x_wconf 86' lang='lat' dir='ltr'><strong>pond.</strong></span> <span class='ocrx_word' id='word_1_158' title='bbox 3213 1760 3272 1823; x_wconf 76' lang='grc' dir='ltr'><strong>ι,</strong></span> <span class='ocrx_word' id='word_1_159' title='bbox 3315 1735 3537 1808; x_wconf 87' lang='lat' dir='ltr'><strong>thuris</strong></span> <span class='ocrx_word' id='word_1_160' title='bbox 3563 1737 3876 1836; x_wconf 89' lang='lat' dir='ltr'><strong>pollinis,</strong></span> <span class='ocrx_word' id='word_1_161' title='bbox 3901 1733 4205 1838; x_wconf 73' lang='lat' dir='ltr'><strong>hyssopi,</strong></span> <span class='ocrx_word' id='word_1_162' title='bbox 4253 1746 4497 1811; x_wconf 86' lang='lat' dir='ltr'><strong>Arme·</strong></span> <span class='ocrx_word' id='word_1_163' title='bbox 4613 1778 4620 1783; x_wconf 88' lang='lat'><strong>·</strong></span> 
     </span>
     <span class='ocr_line' id='line_1_14' title="bbox 1196 1837 4498 1939; baseline -0.002 -20"><span class='ocrx_word' id='word_1_164' title='bbox 1196 1864 1209 1875; x_wconf 80' lang='lat'><strong><em>‘</em></strong></span> <span class='ocrx_word' id='word_1_165' title='bbox 1250 1906 1285 1939; x_wconf 41' lang='lat'><strong>.‚</strong></span> <span class='ocrx_word' id='word_1_166' title='bbox 1348 1853 1552 1937; x_wconf 76' lang='lat' dir='ltr'><strong>niani,</strong></span> <span class='ocrx_word' id='word_1_167' title='bbox 1608 1845 1851 1919; x_wconf 87' lang='lat' dir='ltr'><strong>baccae</strong></span> <span class='ocrx_word' id='word_1_168' title='bbox 1892 1843 2090 1928; x_wconf 75' lang='lat' dir='ltr'><strong>lauri,</strong></span> <span class='ocrx_word' id='word_1_169' title='bbox 2153 1838 2414 1933; x_wconf 75' lang='lat' dir='ltr'><strong>lingula</strong></span> <span class='ocrx_word' id='word_1_170' title='bbox 2452 1837 2664 1936; x_wconf 86' lang='lat' dir='ltr'><strong>pond.</strong></span> <span class='ocrx_word' id='word_1_171' title='bbox 2719 1840 2888 1937; x_wconf 85' lang='lat' dir='ltr'><strong>picis</strong></span> <span class='ocrx_word' id='word_1_172' title='bbox 2941 1840 3211 1908; x_wconf 87' lang='lat' dir='ltr'><strong>Brutiae</strong></span> <span class='ocrx_word' id='word_1_173' title='bbox 3243 1848 3269 1880; x_wconf 78' lang='lat'><strong>‘-</strong></span> <span class='ocrx_word' id='word_1_174' title='bbox 3314 1837 3509 1936; x_wconf 90' lang='lat' dir='ltr'><strong>pond</strong></span> <span class='ocrx_word' id='word_1_175' title='bbox 3558 1860 3585 1909; x_wconf 83' lang='lat'>1</span> <span class='ocrx_word' id='word_1_176' title='bbox 3643 1852 3716 1909; x_wconf 90' lang='lat' dir='ltr'><strong>et</strong></span> <span class='ocrx_word' id='word_1_177' title='bbox 3750 1838 3979 1927; x_wconf 86' lang='lat' dir='ltr'><strong>semis,</strong></span> <span class='ocrx_word' id='word_1_178' title='bbox 4044 1842 4187 1912; x_wconf 82' lang='lat' dir='ltr'><strong>vini</strong></span> <span class='ocrx_word' id='word_1_179' title='bbox 4225 1840 4498 1911; x_wconf 82' lang='lat' dir='ltr'><strong>Aminei</strong></span> 
     </span>
     <span class='ocr_line' id='line_1_15' title="bbox 1350 1937 4499 2052; baseline -0.003 -27"><span class='ocrx_word' id='word_1_180' title='bbox 1350 1950 1564 2052; x_wconf 84' lang='lat' dir='ltr'><strong>pond.</strong></span> <span class='ocrx_word' id='word_1_181' title='bbox 1608 1972 1638 2021; x_wconf 89' lang='lat'>1</span> <span class='ocrx_word' id='word_1_182' title='bbox 1675 1948 1906 2031; x_wconf 83' lang='lat' dir='ltr'><strong>semis,</strong></span> <span class='ocrx_word' id='word_1_183' title='bbox 1954 1938 2208 2014; x_wconf 73' lang='lat' dir='ltr'><strong>resinae</strong></span> <span class='ocrx_word' id='word_1_184' title='bbox 2235 1939 2588 2012; x_wconf 86' lang='lat' dir='ltr'><strong>bituminis</strong></span> <span class='ocrx_word' id='word_1_185' title='bbox 2617 1939 2828 2036; x_wconf 89' lang='lat' dir='ltr'><strong>pond.</strong></span> <span class='ocrx_word' id='word_1_186' title='bbox 2873 1961 2931 2025; x_wconf 87' lang='lat'><strong>1,</strong></span> <span class='ocrx_word' id='word_1_187' title='bbox 2968 1937 3137 2031; x_wconf 64' lang='lat' dir='ltr'><strong>haec</strong></span> <span class='ocrx_word' id='word_1_188' title='bbox 3166 1942 3396 2010; x_wconf 80' lang='lat' dir='ltr'><strong>omnia</strong></span> <span class='ocrx_word' id='word_1_189' title='bbox 3418 1940 3494 2010; x_wconf 90' lang='lat' dir='ltr'><strong>in</strong></span> <span class='ocrx_word' id='word_1_190' title='bbox 3520 1964 3656 2012; x_wconf 81' lang='lat' dir='ltr'><strong>vno</strong></span> <span class='ocrx_word' id='word_1_191' title='bbox 3686 1937 3936 2011; x_wconf 78' lang='lat' dir='ltr'><strong>cacabo</strong></span> <span class='ocrx_word' id='word_1_192' title='bbox 3960 1964 4251 2041; x_wconf 80' lang='lat' dir='ltr'><strong>coques,</strong></span> <span class='ocrx_word' id='word_1_193' title='bbox 4273 1943 4348 2013; x_wconf 89' lang='lat' dir='ltr'><strong>in</strong></span> <span class='ocrx_word' id='word_1_194' title='bbox 4372 1941 4499 2015; x_wconf 62' lang='lat' dir='ltr'><strong>lim</strong></span> 
     </span>
     <span class='ocr_line' id='line_1_16' title="bbox 1234 2035 4497 2135; baseline -0.002 -12"><span class='ocrx_word' id='word_1_195' title='bbox 1234 2071 1323 2123; x_wconf 81' lang='lat'><strong>20</strong></span> <span class='ocrx_word' id='word_1_196' title='bbox 1350 2053 1538 2127; x_wconf 86' lang='lat' dir='ltr'><strong>teolo</strong></span> <span class='ocrx_word' id='word_1_197' title='bbox 1569 2048 1851 2122; x_wconf 86' lang='lat' dir='ltr'><strong>induces</strong></span> <span class='ocrx_word' id='word_1_198' title='bbox 1879 2041 2108 2117; x_wconf 76' lang='lat' dir='ltr'><strong>calida.</strong></span> <span class='ocrx_word' id='word_1_199' title='bbox 2249 2041 2673 2133; x_wconf 81' lang='lat' dir='ltr'><strong>Malagmam</strong></span> <span class='ocrx_word' id='word_1_200' title='bbox 2701 2036 3029 2112; x_wconf 73' lang='lat' dir='ltr'><strong>cofficam</strong></span> <span class='ocrx_word' id='word_1_201' title='bbox 3057 2041 3082 2093; x_wconf 75' lang='lat' dir='ltr'>s</span> <span class='ocrx_word' id='word_1_202' title='bbox 3121 2035 3216 2109; x_wconf 84' lang='lat' dir='ltr'><strong>fic</strong></span> <span class='ocrx_word' id='word_1_203' title='bbox 3237 2039 3460 2113; x_wconf 79' lang='lat' dir='ltr'><strong>facies.</strong></span> <span class='ocrx_word' id='word_1_204' title='bbox 3567 2045 3779 2112; x_wconf 81' lang='lat' dir='ltr'><strong>Cerae</strong></span> <span class='ocrx_word' id='word_1_205' title='bbox 3814 2037 4036 2129; x_wconf 86' lang='lat' dir='ltr'><strong>albae,</strong></span> <span class='ocrx_word' id='word_1_206' title='bbox 4080 2039 4351 2135; x_wconf 83' lang='lat' dir='ltr'><strong>galbani</strong></span> <span class='ocrx_word' id='word_1_207' title='bbox 4377 2067 4497 2117; x_wconf 80' lang='lat' dir='ltr'><strong>vu·</strong></span> 
     </span>
     <span class='ocr_line' id='line_1_17' title="bbox 1346 2138 4495 2245; baseline -0.004 -17"><span class='ocrx_word' id='word_1_208' title='bbox 1346 2158 1478 2227; x_wconf 84' lang='lat' dir='ltr'><strong>cias</strong></span> <span class='ocrx_word' id='word_1_209' title='bbox 1504 2148 1828 2245; x_wconf 72' lang='lat' dir='ltr'><strong>singulas,</strong></span> <span class='ocrx_word' id='word_1_210' title='bbox 1850 2142 2107 2218; x_wconf 85' lang='lat' dir='ltr'><strong>refinae</strong></span> <span class='ocrx_word' id='word_1_211' title='bbox 2134 2141 2635 2215; x_wconf 81' lang='lat' dir='ltr'><strong>terebinthinae</strong></span> <span class='ocrx_word' id='word_1_212' title='bbox 2664 2139 2874 2239; x_wconf 86' lang='lat' dir='ltr'><strong>pond.</strong></span> <span class='ocrx_word' id='word_1_213' title='bbox 2906 2165 2967 2229; x_wconf 88' lang='lat'><strong>2,</strong></span> <span class='ocrx_word' id='word_1_214' title='bbox 3000 2139 3213 2238; x_wconf 78' lang='lat' dir='ltr'><strong>adipis</strong></span> <span class='ocrx_word' id='word_1_215' title='bbox 3237 2142 3543 2213; x_wconf 76' lang='lat' dir='ltr'><strong>taurinae</strong></span> <span class='ocrx_word' id='word_1_216' title='bbox 3566 2140 3776 2239; x_wconf 86' lang='lat' dir='ltr'><strong>pond.</strong></span> <span class='ocrx_word' id='word_1_217' title='bbox 3808 2164 3869 2236; x_wconf 85' lang='lat'><strong>3,</strong></span> <span class='ocrx_word' id='word_1_218' title='bbox 3892 2138 4166 2241; x_wconf 71' lang='lat' dir='ltr'><strong>hyssopi</strong></span> <span class='ocrx_word' id='word_1_219' title='bbox 4186 2141 4398 2243; x_wconf 89' lang='lat' dir='ltr'><strong>pond.</strong></span> <span class='ocrx_word' id='word_1_220' title='bbox 4429 2167 4495 2231; x_wconf 75' lang='lat' dir='ltr'><strong>a,</strong></span> 
     </span>
     <span class='ocr_line' id='line_1_18' title="bbox 1349 2240 4499 2350; baseline -0.003 -22"><span class='ocrx_word' id='word_1_221' title='bbox 1349 2255 1586 2328; x_wconf 88' lang='lat' dir='ltr'><strong>bdellii</strong></span> <span class='ocrx_word' id='word_1_222' title='bbox 1614 2248 1887 2350; x_wconf 83' lang='lat' dir='ltr'><strong>pondus</strong></span> <span class='ocrx_word' id='word_1_223' title='bbox 1927 2268 1957 2319; x_wconf 91' lang='lat'>1</span> <span class='ocrx_word' id='word_1_224' title='bbox 1994 2246 2228 2331; x_wconf 81' lang='lat' dir='ltr'><strong>semis,</strong></span> <span class='ocrx_word' id='word_1_225' title='bbox 2274 2241 2681 2342; x_wconf 82' lang='lat' dir='ltr'><strong>irifillyricae</strong></span> <span class='ocrx_word' id='word_1_226' title='bbox 2707 2240 2918 2342; x_wconf 87' lang='lat' dir='ltr'><strong>pond.</strong></span> <span class='ocrx_word' id='word_1_227' title='bbox 2958 2266 3025 2330; x_wconf 88' lang='lat'><strong>2,</strong></span> <span class='ocrx_word' id='word_1_228' title='bbox 3077 2241 3289 2340; x_wconf 79' lang='lat' dir='ltr'><strong>adipis</strong></span> <span class='ocrx_word' id='word_1_229' title='bbox 3333 2242 3674 2314; x_wconf 73' lang='lat' dir='ltr'><strong>anserinae</strong></span> <span class='ocrx_word' id='word_1_230' title='bbox 3714 2241 3927 2341; x_wconf 85' lang='lat' dir='ltr'><strong>pond.</strong></span> <span class='ocrx_word' id='word_1_231' title='bbox 3962 2265 4024 2331; x_wconf 87' lang='lat'><strong>1,</strong></span> <span class='ocrx_word' id='word_1_232' title='bbox 4067 2244 4244 2317; x_wconf 75' lang='lat' dir='ltr'><strong>haec</strong></span> <span class='ocrx_word' id='word_1_233' title='bbox 4268 2244 4499 2317; x_wconf 75' lang='lat' dir='ltr'><strong>omnia</strong></span> 
     </span>
     <span class='ocr_line' id='line_1_19' title="bbox 1232 2341 4496 2454; baseline -0.003 -25"><span class='ocrx_word' id='word_1_234' title='bbox 1232 2357 1313 2408; x_wconf 83' lang='lat'><strong>21</strong></span> <span class='ocrx_word' id='word_1_235' title='bbox 1354 2355 1677 2454; x_wconf 82' lang='lat' dir='ltr'><strong>decoquis</strong></span> <span class='ocrx_word' id='word_1_236' title='bbox 1705 2366 1779 2424; x_wconf 91' lang='lat' dir='ltr'><strong>et</strong></span> <span class='ocrx_word' id='word_1_237' title='bbox 1800 2349 2025 2423; x_wconf 78' lang='lat' dir='ltr'><strong>vteris.</strong></span> <span class='ocrx_word' id='word_1_238' title='bbox 2170 2346 2517 2438; x_wconf 76' lang='lat' dir='ltr'><strong>Malagma</strong></span> <span class='ocrx_word' id='word_1_239' title='bbox 2543 2355 2574 2403; x_wconf 77' lang='lat'><em>8</em></span> <span class='ocrx_word' id='word_1_240' title='bbox 2616 2342 2697 2415; x_wconf 85' lang='lat' dir='ltr'><strong>ad</strong></span> <span class='ocrx_word' id='word_1_241' title='bbox 2726 2366 3101 2414; x_wconf 87' lang='lat' dir='ltr'><strong>neruorum</strong></span> <span class='ocrx_word' id='word_1_242' title='bbox 3128 2341 3458 2415; x_wconf 86' lang='lat' dir='ltr'><strong>dolorem.</strong></span> <span class='ocrx_word' id='word_1_243' title='bbox 3562 2348 3774 2416; x_wconf 83' lang='lat' dir='ltr'><strong>Cerae</strong></span> <span class='ocrx_word' id='word_1_244' title='bbox 3799 2346 3952 2416; x_wconf 56' lang='lat' dir='ltr'><strong>sinc.</strong></span> <span class='ocrx_word' id='word_1_245' title='bbox 3983 2349 4067 2433; x_wconf 91' lang='lat'><strong>6,</strong></span> <span class='ocrx_word' id='word_1_246' title='bbox 4113 2348 4328 2445; x_wconf 79' lang='lat' dir='ltr'><strong>adipis</strong></span> <span class='ocrx_word' id='word_1_247' title='bbox 4351 2370 4496 2419; x_wconf 77' lang='lat' dir='ltr'><strong>oer-</strong></span> 
     </span>
     <span class='ocr_line' id='line_1_20' title="bbox 1349 2441 4497 2547; baseline -0.003 -17"><span class='ocrx_word' id='word_1_248' title='bbox 1349 2462 1545 2530; x_wconf 76' lang='lat' dir='ltr'><strong>vinae</strong></span> <span class='ocrx_word' id='word_1_249' title='bbox 1575 2478 1722 2528; x_wconf 83' lang='lat' dir='ltr'><strong>vnc.</strong></span> <span class='ocrx_word' id='word_1_250' title='bbox 1760 2450 1825 2547; x_wconf 67' lang='lat'><strong>3‘,</strong></span> <span class='ocrx_word' id='word_1_251' title='bbox 1872 2448 2170 2545; x_wconf 87' lang='lat' dir='ltr'><strong>galbani,</strong></span> <span class='ocrx_word' id='word_1_252' title='bbox 2227 2449 2502 2547; x_wconf 87' lang='lat' dir='ltr'><strong>piperis,</strong></span> <span class='ocrx_word' id='word_1_253' title='bbox 2545 2446 2951 2531; x_wconf 80' lang='lat' dir='ltr'><strong>Armeniaci,</strong></span> <span class='ocrx_word' id='word_1_254' title='bbox 2998 2441 3255 2516; x_wconf 83' lang='lat' dir='ltr'><strong>refinae</strong></span> <span class='ocrx_word' id='word_1_255' title='bbox 3280 2442 3782 2517; x_wconf 82' lang='lat' dir='ltr'><strong>terebinthinae</strong></span> <span class='ocrx_word' id='word_1_256' title='bbox 3807 2449 4036 2517; x_wconf 77' lang='lat' dir='ltr'><strong>vncias</strong></span> <span class='ocrx_word' id='word_1_257' title='bbox 4064 2462 4326 2535; x_wconf 83' lang='lat' dir='ltr'><strong>ternas,</strong></span> <span class='ocrx_word' id='word_1_258' title='bbox 4363 2463 4497 2520; x_wconf 81' lang='lat' dir='ltr'><strong>tra·</strong></span> 
     </span>
     <span class='ocr_line' id='line_1_21' title="bbox 1232 2545 4495 2646; baseline -0 -25"><span class='ocrx_word' id='word_1_259' title='bbox 1232 2570 1321 2621; x_wconf 76' lang='lat'><strong>22</strong></span> <span class='ocrx_word' id='word_1_260' title='bbox 1351 2560 1532 2632; x_wconf 84' lang='lat' dir='ltr'><strong>canti</strong></span> <span class='ocrx_word' id='word_1_261' title='bbox 1559 2556 1786 2629; x_wconf 83' lang='lat' dir='ltr'><strong>vncias</strong></span> <span class='ocrx_word' id='word_1_262' title='bbox 1820 2576 1897 2646; x_wconf 61' lang='grc' dir='ltr'><strong>ς,</strong></span> <span class='ocrx_word' id='word_1_263' title='bbox 1942 2547 2206 2643; x_wconf 74' lang='lat' dir='ltr'><strong>singula</strong></span> <span class='ocrx_word' id='word_1_264' title='bbox 2246 2546 2647 2632; x_wconf 80' lang='lat' dir='ltr'><strong>contundis,</strong></span> <span class='ocrx_word' id='word_1_265' title='bbox 2695 2545 3096 2642; x_wconf 85' lang='lat' dir='ltr'><strong>permisces,</strong></span> <span class='ocrx_word' id='word_1_266' title='bbox 3150 2560 3223 2615; x_wconf 79' lang='lat' dir='ltr'><strong>et</strong></span> <span class='ocrx_word' id='word_1_267' title='bbox 3257 2549 3483 2617; x_wconf 83' lang='lat' dir='ltr'><strong>vteris.</strong></span> <span class='ocrx_word' id='word_1_268' title='bbox 3662 2546 4013 2639; x_wconf 80' lang='lat' dir='ltr'><strong>Malagma</strong></span> <span class='ocrx_word' id='word_1_269' title='bbox 4048 2563 4080 2605; x_wconf 77' lang='lat'><strong>⁸</strong></span> <span class='ocrx_word' id='word_1_270' title='bbox 4117 2546 4200 2620; x_wconf 84' lang='lat' dir='ltr'><strong>ad</strong></span> <span class='ocrx_word' id='word_1_271' title='bbox 4243 2570 4495 2622; x_wconf 82' lang='lat' dir='ltr'><strong>neruos</strong></span> 
     </span>
     <span class='ocr_line' id='line_1_22' title="bbox 1345 2643 4495 2744; baseline -0.004 -10"><span class='ocrx_word' id='word_1_272' title='bbox 1345 2675 1639 2735; x_wconf 77' lang='lat' dir='ltr'><strong>vexatos.</strong></span> <span class='ocrx_word' id='word_1_273' title='bbox 1741 2651 2114 2737; x_wconf 82' lang='lat' dir='ltr'><strong>Menthae,</strong></span> <span class='ocrx_word' id='word_1_274' title='bbox 2177 2646 2476 2742; x_wconf 83' lang='lat' dir='ltr'><strong>galbani,</strong></span> <span class='ocrx_word' id='word_1_275' title='bbox 2538 2644 2878 2732; x_wconf 85' lang='lat' dir='ltr'><strong>rubricae,</strong></span> <span class='ocrx_word' id='word_1_276' title='bbox 2939 2643 3241 2732; x_wconf 85' lang='lat' dir='ltr'><strong>storacis,</strong></span> <span class='ocrx_word' id='word_1_277' title='bbox 3313 2646 3532 2718; x_wconf 78' lang='lat' dir='ltr'><strong>violae</strong></span> <span class='ocrx_word' id='word_1_278' title='bbox 3568 2671 3693 2719; x_wconf 86' lang='lat' dir='ltr'><strong>ana</strong></span> <span class='ocrx_word' id='word_1_279' title='bbox 3735 2648 3944 2744; x_wconf 89' lang='lat' dir='ltr'><strong>pond.</strong></span> <span class='ocrx_word' id='word_1_280' title='bbox 3986 2653 4052 2738; x_wconf 88' lang='lat'><strong>6,</strong></span> <span class='ocrx_word' id='word_1_281' title='bbox 4109 2646 4495 2743; x_wconf 74' lang='lat' dir='ltr'><strong>similaginis</strong></span> 
     </span>
     <span class='ocr_line' id='line_1_23' title="bbox 1346 2745 4492 2861; baseline -0.003 -27"><span class='ocrx_word' id='word_1_282' title='bbox 1346 2760 1557 2861; x_wconf 86' lang='lat' dir='ltr'><strong>pond.</strong></span> <span class='ocrx_word' id='word_1_283' title='bbox 1585 2780 1655 2848; x_wconf 87' lang='lat'><strong>4,</strong></span> <span class='ocrx_word' id='word_1_284' title='bbox 1700 2757 1872 2829; x_wconf 85' lang='lat' dir='ltr'><strong>haec</strong></span> <span class='ocrx_word' id='word_1_285' title='bbox 1900 2753 2133 2824; x_wconf 88' lang='lat' dir='ltr'><strong>omnia</strong></span> <span class='ocrx_word' id='word_1_286' title='bbox 2161 2774 2321 2821; x_wconf 85' lang='lat' dir='ltr'><strong>cum</strong></span> <span class='ocrx_word' id='word_1_287' title='bbox 2363 2746 2734 2837; x_wconf 72' lang='lat' dir='ltr'><strong>similagine</strong></span> <span class='ocrx_word' id='word_1_288' title='bbox 2778 2760 2850 2817; x_wconf 88' lang='lat' dir='ltr'><strong>et</strong></span> <span class='ocrx_word' id='word_1_289' title='bbox 2889 2748 3049 2817; x_wconf 82' lang='lat' dir='ltr'><strong>vino</strong></span> <span class='ocrx_word' id='word_1_290' title='bbox 3081 2746 3425 2844; x_wconf 89' lang='lat' dir='ltr'><strong>decoques</strong></span> <span class='ocrx_word' id='word_1_291' title='bbox 3453 2750 3525 2818; x_wconf 90' lang='lat' dir='ltr'><strong>in</strong></span> <span class='ocrx_word' id='word_1_292' title='bbox 3552 2745 3833 2835; x_wconf 84' lang='lat' dir='ltr'><strong>cacabo,</strong></span> <span class='ocrx_word' id='word_1_293' title='bbox 3882 2765 3956 2820; x_wconf 86' lang='lat' dir='ltr'><strong>et</strong></span> <span class='ocrx_word' id='word_1_294' title='bbox 3995 2749 4245 2850; x_wconf 84' lang='lat' dir='ltr'><strong>liquida</strong></span> <span class='ocrx_word' id='word_1_295' title='bbox 4271 2750 4492 2839; x_wconf 83' lang='lat' dir='ltr'><strong>facies,</strong></span> 
     </span>
     <span class='ocr_line' id='line_1_24' title="bbox 1350 2845 4493 2946; baseline -0.003 -12"><span class='ocrx_word' id='word_1_296' title='bbox 1350 2859 1599 2933; x_wconf 86' lang='lat' dir='ltr'><strong>deinde</strong></span> <span class='ocrx_word' id='word_1_297' title='bbox 1627 2854 2072 2946; x_wconf 76' lang='lat' dir='ltr'><strong>similaginem</strong></span> <span class='ocrx_word' id='word_1_298' title='bbox 2099 2864 2173 2921; x_wconf 89' lang='lat' dir='ltr'><strong>et</strong></span> <span class='ocrx_word' id='word_1_299' title='bbox 2201 2851 2437 2923; x_wconf 77' lang='lat' dir='ltr'><strong>vinum</strong></span> <span class='ocrx_word' id='word_1_300' title='bbox 2469 2851 2541 2918; x_wconf 89' lang='lat' dir='ltr'><strong>in</strong></span> <span class='ocrx_word' id='word_1_301' title='bbox 2566 2870 2781 2917; x_wconf 85' lang='lat' dir='ltr'><strong>vnum</strong></span> <span class='ocrx_word' id='word_1_302' title='bbox 2809 2845 3279 2944; x_wconf 83' lang='lat' dir='ltr'><strong>permiscebis,</strong></span> <span class='ocrx_word' id='word_1_303' title='bbox 3329 2848 3557 2919; x_wconf 89' lang='lat' dir='ltr'><strong>inlinis</strong></span> <span class='ocrx_word' id='word_1_304' title='bbox 3594 2850 3669 2921; x_wconf 89' lang='lat' dir='ltr'><strong>in</strong></span> <span class='ocrx_word' id='word_1_305' title='bbox 3707 2849 4031 2941; x_wconf 89' lang='lat' dir='ltr'><strong>linteolo,</strong></span> <span class='ocrx_word' id='word_1_306' title='bbox 4082 2868 4155 2922; x_wconf 85' lang='lat' dir='ltr'><strong>et</strong></span> <span class='ocrx_word' id='word_1_307' title='bbox 4191 2850 4493 2946; x_wconf 81' lang='lat' dir='ltr'><strong>alligabis</strong></span> 
     </span>
     <span class='ocr_line' id='line_1_25' title="bbox 1232 2943 4496 3051; baseline -0.002 -18"><span class='ocrx_word' id='word_1_308' title='bbox 1232 2966 1314 3033; x_wconf 74' lang='lat'><strong>¹3</strong></span> <span class='ocrx_word' id='word_1_309' title='bbox 1342 2958 1702 3035; x_wconf 81' lang='lat' dir='ltr'><strong>feruentia.</strong></span> <span class='ocrx_word' id='word_1_310' title='bbox 1855 2951 2205 3041; x_wconf 76' lang='lat' dir='ltr'><strong>Malagma</strong></span> <span class='ocrx_word' id='word_1_311' title='bbox 2233 2963 2263 3005; x_wconf 77' lang='lat'><strong>⁸</strong></span> <span class='ocrx_word' id='word_1_312' title='bbox 2299 2946 2384 3019; x_wconf 88' lang='lat' dir='ltr'><strong>ad</strong></span> <span class='ocrx_word' id='word_1_313' title='bbox 2408 2963 2716 3019; x_wconf 86' lang='lat' dir='ltr'><strong>tumores</strong></span> <span class='ocrx_word' id='word_1_314' title='bbox 2744 2943 2837 3017; x_wconf 85' lang='lat' dir='ltr'><strong>fic</strong></span> <span class='ocrx_word' id='word_1_315' title='bbox 2865 2944 3087 3018; x_wconf 86' lang='lat' dir='ltr'><strong>facies.</strong></span> <span class='ocrx_word' id='word_1_316' title='bbox 3141 2952 3353 3035; x_wconf 90' lang='lat' dir='ltr'><strong>Cerae</strong></span> <span class='ocrx_word' id='word_1_317' title='bbox 3379 2950 3604 3020; x_wconf 85' lang='lat' dir='ltr'><strong>vncias</strong></span> <span class='ocrx_word' id='word_1_318' title='bbox 3636 2955 3715 3037; x_wconf 88' lang='lat'><strong>6,</strong></span> <span class='ocrx_word' id='word_1_319' title='bbox 3767 2949 3978 3051; x_wconf 82' lang='lat' dir='ltr'><strong>adipis</strong></span> <span class='ocrx_word' id='word_1_320' title='bbox 4025 2954 4339 3025; x_wconf 80' lang='lat' dir='ltr'><strong>ceruinae</strong></span> <span class='ocrx_word' id='word_1_321' title='bbox 4373 2978 4496 3026; x_wconf 74' lang='lat' dir='ltr'><strong>vn-</strong></span> 
     </span>
     <span class='ocr_line' id='line_1_26' title="bbox 1347 3048 4492 3155; baseline -0.003 -22"><span class='ocrx_word' id='word_1_322' title='bbox 1347 3060 1481 3133; x_wconf 89' lang='lat' dir='ltr'><strong>cias</strong></span> <span class='ocrx_word' id='word_1_323' title='bbox 1518 3083 1553 3155; x_wconf 82' lang='lat'>3</span> <span class='ocrx_word' id='word_1_324' title='bbox 1576 3113 1595 3146; x_wconf 90' lang='lat'><strong>,</strong></span> <span class='ocrx_word' id='word_1_325' title='bbox 1649 3049 1917 3147; x_wconf 80' lang='lat' dir='ltr'><strong>galbani</strong></span> <span class='ocrx_word' id='word_1_326' title='bbox 1945 3053 2169 3122; x_wconf 84' lang='lat' dir='ltr'><strong>vncias</strong></span> <span class='ocrx_word' id='word_1_327' title='bbox 2211 3072 2274 3144; x_wconf 81' lang='lat'><strong>3,</strong></span> <span class='ocrx_word' id='word_1_328' title='bbox 2315 3048 2552 3135; x_wconf 83' lang='lat' dir='ltr'><strong>violae,</strong></span> <span class='ocrx_word' id='word_1_329' title='bbox 2594 3049 2848 3144; x_wconf 86' lang='lat' dir='ltr'><strong>piperis</strong></span> <span class='ocrx_word' id='word_1_330' title='bbox 2881 3048 3015 3119; x_wconf 83' lang='lat' dir='ltr'><strong>albi</strong></span> <span class='ocrx_word' id='word_1_331' title='bbox 3047 3050 3272 3119; x_wconf 84' lang='lat' dir='ltr'><strong>vncias</strong></span> <span class='ocrx_word' id='word_1_332' title='bbox 3320 3064 3580 3138; x_wconf 86' lang='lat' dir='ltr'><strong>ternas,</strong></span> <span class='ocrx_word' id='word_1_333' title='bbox 3627 3055 4018 3123; x_wconf 84' lang='lat' dir='ltr'><strong>Armeniaci</strong></span> <span class='ocrx_word' id='word_1_334' title='bbox 4041 3057 4338 3141; x_wconf 80' lang='lat' dir='ltr'><strong>vnciam,</strong></span> <span class='ocrx_word' id='word_1_335' title='bbox 4389 3078 4492 3125; x_wconf 88' lang='lat' dir='ltr'><strong>re-</strong></span> 
     </span>
     <span class='ocr_line' id='line_1_27' title="bbox 1180 3145 4492 3249; baseline -0.002 -15"><span class='ocrx_word' id='word_1_336' title='bbox 1180 3166 1193 3178; x_wconf 83' lang='lat'><strong>‘</strong></span> <span class='ocrx_word' id='word_1_337' title='bbox 1282 3226 1295 3239; x_wconf 87' lang='lat'>.</span> <span class='ocrx_word' id='word_1_338' title='bbox 1344 3158 1531 3234; x_wconf 83' lang='lat' dir='ltr'><strong>finae</strong></span> <span class='ocrx_word' id='word_1_339' title='bbox 1568 3152 2069 3233; x_wconf 81' lang='lat' dir='ltr'><strong>terebinthinae</strong></span> <span class='ocrx_word' id='word_1_340' title='bbox 2110 3175 2263 3225; x_wconf 48' lang='lat' dir='ltr'><strong>vnca</strong></span> <span class='ocrx_word' id='word_1_341' title='bbox 2298 3173 2334 3247; x_wconf 80' lang='lat'><em>3</em></span> <span class='ocrx_word' id='word_1_342' title='bbox 2353 3204 2372 3239; x_wconf 95' lang='lat'><strong>,</strong></span> <span class='ocrx_word' id='word_1_343' title='bbox 2427 3145 2696 3220; x_wconf 86' lang='lat' dir='ltr'><strong>storacis</strong></span> <span class='ocrx_word' id='word_1_344' title='bbox 2740 3172 2890 3219; x_wconf 83' lang='lat' dir='ltr'><strong>vnc.</strong></span> <span class='ocrx_word' id='word_1_345' title='bbox 2941 3173 3017 3244; x_wconf 85' lang='lat'><strong>3,</strong></span> <span class='ocrx_word' id='word_1_346' title='bbox 3065 3151 3425 3241; x_wconf 87' lang='lat' dir='ltr'><strong>gentianae</strong></span> <span class='ocrx_word' id='word_1_347' title='bbox 3473 3175 3623 3222; x_wconf 87' lang='lat' dir='ltr'><strong>vnc.</strong></span> <span class='ocrx_word' id='word_1_348' title='bbox 3679 3173 3709 3222; x_wconf 89' lang='lat'>1</span> <span class='ocrx_word' id='word_1_349' title='bbox 3733 3208 3753 3240; x_wconf 96' lang='lat'><strong>,</strong></span> <span class='ocrx_word' id='word_1_350' title='bbox 3798 3150 4060 3249; x_wconf 71' lang='lat' dir='ltr'><strong>singula</strong></span> <span class='ocrx_word' id='word_1_351' title='bbox 4104 3156 4492 3243; x_wconf 85' lang='lat' dir='ltr'><strong>contundis,</strong></span> 
     </span>
     <span class='ocr_line' id='line_1_28' title="bbox 1226 3247 4494 3356; baseline -0.002 -18"><span class='ocrx_word' id='word_1_352' title='bbox 1226 3269 1323 3339; x_wconf 74' lang='lat'><strong>‚24</strong></span> <span class='ocrx_word' id='word_1_353' title='bbox 1401 3258 1585 3334; x_wconf 85' lang='lat' dir='ltr'><strong>ostea</strong></span> <span class='ocrx_word' id='word_1_354' title='bbox 1624 3254 1989 3356; x_wconf 77' lang='lat' dir='ltr'><strong>permisces</strong></span> <span class='ocrx_word' id='word_1_355' title='bbox 2028 3256 2105 3325; x_wconf 88' lang='lat' dir='ltr'><strong>in</strong></span> <span class='ocrx_word' id='word_1_356' title='bbox 2146 3254 2341 3341; x_wconf 86' lang='lat' dir='ltr'><strong>vino,</strong></span> <span class='ocrx_word' id='word_1_357' title='bbox 2403 3265 2478 3323; x_wconf 90' lang='lat' dir='ltr'><strong>et</strong></span> <span class='ocrx_word' id='word_1_358' title='bbox 2511 3247 2603 3321; x_wconf 85' lang='lat' dir='ltr'><strong>fic</strong></span> <span class='ocrx_word' id='word_1_359' title='bbox 2641 3252 2867 3351; x_wconf 62' lang='lat' dir='ltr'><strong>vteris.</strong></span> <span class='ocrx_word' id='word_1_360' title='bbox 3013 3247 3484 3349; x_wconf 86' lang='lat' dir='ltr'><strong>Emplastrum.</strong></span> <span class='ocrx_word' id='word_1_361' title='bbox 3577 3256 3791 3323; x_wconf 78' lang='lat' dir='ltr'><strong>Cerae</strong></span> <span class='ocrx_word' id='word_1_362' title='bbox 3831 3254 4055 3327; x_wconf 83' lang='lat' dir='ltr'><strong>viridis</strong></span> <span class='ocrx_word' id='word_1_363' title='bbox 4094 3256 4310 3356; x_wconf 79' lang='lat' dir='ltr'><strong>pond.</strong></span> <span class='ocrx_word' id='word_1_364' title='bbox 4349 3281 4372 3331; x_wconf 83' lang='grc' dir='ltr'>ι</span> <span class='ocrx_word' id='word_1_365' title='bbox 4417 3270 4494 3330; x_wconf 84' lang='lat' dir='ltr'><strong>et</strong></span> 
     </span>
     <span class='ocr_line' id='line_1_29' title="bbox 1218 3342 4493 3457; baseline -0.003 -16"><span class='ocrx_word' id='word_1_366' title='bbox 1218 3430 1227 3441; x_wconf 85' lang='lat'><em>.</em></span> <span class='ocrx_word' id='word_1_367' title='bbox 1376 3365 1546 3435; x_wconf 86' lang='lat' dir='ltr'><strong>emis</strong></span> <span class='ocrx_word' id='word_1_368' title='bbox 1564 3414 1582 3446; x_wconf 96' lang='lat'><strong>,</strong></span> <span class='ocrx_word' id='word_1_369' title='bbox 1632 3357 1770 3431; x_wconf 89' lang='lat' dir='ltr'><strong>olei</strong></span> <span class='ocrx_word' id='word_1_370' title='bbox 1798 3342 2083 3457; x_wconf 64' lang='lat' dir='ltr'><strong>§3jprini</strong></span> <span class='ocrx_word' id='word_1_371' title='bbox 2111 3377 2260 3429; x_wconf 82' lang='lat' dir='ltr'><strong>vnc.</strong></span> <span class='ocrx_word' id='word_1_372' title='bbox 2288 3376 2356 3446; x_wconf 85' lang='lat'><strong>9,</strong></span> <span class='ocrx_word' id='word_1_373' title='bbox 2408 3350 2546 3424; x_wconf 88' lang='lat' dir='ltr'><strong>olei</strong></span> <span class='ocrx_word' id='word_1_374' title='bbox 2574 3351 2913 3449; x_wconf 81' lang='lat' dir='ltr'><strong>myrrhini</strong></span> <span class='ocrx_word' id='word_1_375' title='bbox 2938 3347 2972 3396; x_wconf 78' lang='lat'><strong>¹²</strong></span> <span class='ocrx_word' id='word_1_376' title='bbox 3010 3356 3240 3424; x_wconf 81' lang='lat' dir='ltr'><strong>vncias</strong></span> <span class='ocrx_word' id='word_1_377' title='bbox 3272 3378 3337 3441; x_wconf 81' lang='lat'><strong>2,</strong></span> <span class='ocrx_word' id='word_1_378' title='bbox 3384 3353 3597 3453; x_wconf 80' lang='lat' dir='ltr'><strong>adipis</strong></span> <span class='ocrx_word' id='word_1_379' title='bbox 3623 3355 3965 3428; x_wconf 76' lang='lat' dir='ltr'><strong>anserinae</strong></span> <span class='ocrx_word' id='word_1_380' title='bbox 3987 3356 4306 3446; x_wconf 71' lang='lat' dir='ltr'><strong>vnciasi2‚</strong></span> <span class='ocrx_word' id='word_1_381' title='bbox 4331 3358 4493 3431; x_wconf 87' lang='lat' dir='ltr'><strong>thu·</strong></span> 
     </span>
     <span class='ocr_line' id='line_1_30' title="bbox 1346 3451 4488 3561; baseline -0.002 -26"><span class='ocrx_word' id='word_1_382' title='bbox 1346 3466 1441 3537; x_wconf 89' lang='lat' dir='ltr'><strong>ris</strong></span> <span class='ocrx_word' id='word_1_383' title='bbox 1478 3459 1756 3561; x_wconf 85' lang='lat' dir='ltr'><strong>pollinis</strong></span> <span class='ocrx_word' id='word_1_384' title='bbox 1800 3481 1951 3530; x_wconf 79' lang='lat' dir='ltr'><strong>vnc.</strong></span> <span class='ocrx_word' id='word_1_385' title='bbox 1997 3479 2061 3530; x_wconf 84' lang='lat'><strong>2.</strong></span> <span class='ocrx_word' id='word_1_386' title='bbox 2137 3456 2305 3528; x_wconf 80' lang='lat' dir='ltr'><strong>haec</strong></span> <span class='ocrx_word' id='word_1_387' title='bbox 2359 3455 2590 3526; x_wconf 91' lang='lat' dir='ltr'><strong>omnia</strong></span> <span class='ocrx_word' id='word_1_388' title='bbox 2626 3455 2701 3523; x_wconf 88' lang='lat' dir='ltr'><strong>in</strong></span> <span class='ocrx_word' id='word_1_389' title='bbox 2741 3451 3065 3525; x_wconf 82' lang='lat' dir='ltr'><strong>cacabum</strong></span> <span class='ocrx_word' id='word_1_390' title='bbox 3125 3456 3373 3543; x_wconf 88' lang='lat' dir='ltr'><strong>mittis,</strong></span> <span class='ocrx_word' id='word_1_391' title='bbox 3427 3456 3702 3553; x_wconf 87' lang='lat' dir='ltr'><strong>coquis,</strong></span> <span class='ocrx_word' id='word_1_392' title='bbox 3760 3470 3834 3528; x_wconf 89' lang='lat' dir='ltr'><strong>et</strong></span> <span class='ocrx_word' id='word_1_393' title='bbox 3861 3456 4190 3532; x_wconf 70' lang='lat' dir='ltr'><strong>&#39;linteolis</strong></span> <span class='ocrx_word' id='word_1_394' title='bbox 4241 3461 4488 3533; x_wconf 86' lang='lat' dir='ltr'><strong>inlinis.</strong></span> 
     </span>
    </p>
   </div>
   <div class='ocr_carea' id='block_1_3' title="bbox 1100 3532 4488 3661">
    <p class='ocr_par' dir='ltr' id='par_1_3' title="bbox 1100 3532 4488 3661">
     <span class='ocr_line' id='line_1_31' title="bbox 1100 3532 4488 3661; baseline 0.001 -30"><span class='ocrx_word' id='word_1_395' title='bbox 1100 3532 1111 3539; x_wconf 75' lang='lat'><strong>,</strong></span> <span class='ocrx_word' id='word_1_396' title='bbox 1232 3574 1319 3645; x_wconf 65' lang='grc' dir='ltr'><strong>Ως</strong></span> <span class='ocrx_word' id='word_1_397' title='bbox 1353 3570 1685 3638; x_wconf 80' lang='lat' dir='ltr'><strong>cerotum</strong></span> <span class='ocrx_word' id='word_1_398' title='bbox 1726 3556 1810 3631; x_wconf 85' lang='lat' dir='ltr'><strong>ad</strong></span> <span class='ocrx_word' id='word_1_399' title='bbox 1853 3557 2093 3631; x_wconf 81' lang='lat' dir='ltr'><strong>vlcera.</strong></span> <span class='ocrx_word' id='word_1_400' title='bbox 2158 3554 2614 3647; x_wconf 87' lang='lat' dir='ltr'><strong>(strumenta)</strong></span> <span class='ocrx_word' id='word_1_401' title='bbox 2656 3552 2871 3653; x_wconf 83' lang='lat' dir='ltr'><strong>pond.</strong></span> <span class='ocrx_word' id='word_1_402' title='bbox 2915 3578 2977 3644; x_wconf 87' lang='lat'><strong>2,</strong></span> <span class='ocrx_word' id='word_1_403' title='bbox 3038 3576 3231 3627; x_wconf 86' lang='lat' dir='ltr'><strong>cerae</strong></span> <span class='ocrx_word' id='word_1_404' title='bbox 3271 3554 3462 3628; x_wconf 85' lang='lat' dir='ltr'><strong>rufae</strong></span> <span class='ocrx_word' id='word_1_405' title='bbox 3502 3556 3714 3656; x_wconf 89' lang='lat' dir='ltr'><strong>pond.</strong></span> <span class='ocrx_word' id='word_1_406' title='bbox 3759 3583 3841 3646; x_wconf 75' lang='lat' dir='ltr'><strong>x,</strong></span> <span class='ocrx_word' id='word_1_407' title='bbox 3896 3556 4034 3630; x_wconf 89' lang='lat' dir='ltr'><strong>olei</strong></span> <span class='ocrx_word' id='word_1_408' title='bbox 4075 3561 4416 3661; x_wconf 80' lang='lat' dir='ltr'><strong>myrrhini</strong></span> <span class='ocrx_word' id='word_1_409' title='bbox 4456 3562 4488 3605; x_wconf 80' lang='lat'><strong>¹·</strong></span> 
     </span>
    </p>
   </div>
   <div class='ocr_carea' id='block_1_4' title="bbox 1231 3654 4592 4547">
    <p class='ocr_par' dir='ltr' id='par_1_4' title="bbox 1231 3654 4592 4487">
     <span class='ocr_line' id='line_1_32' title="bbox 1347 3654 4592 3766; baseline -0.001 -29"><span class='ocrx_word' id='word_1_410' title='bbox 1347 3663 1556 3766; x_wconf 88' lang='lat' dir='ltr'><strong>pond.</strong></span> <span class='ocrx_word' id='word_1_411' title='bbox 1590 3668 1656 3750; x_wconf 90' lang='lat'><strong>6,</strong></span> <span class='ocrx_word' id='word_1_412' title='bbox 1708 3658 1846 3733; x_wconf 89' lang='lat' dir='ltr'><strong>olei</strong></span> <span class='ocrx_word' id='word_1_413' title='bbox 1869 3660 2116 3733; x_wconf 83' lang='lat' dir='ltr'><strong>veteris</strong></span> <span class='ocrx_word' id='word_1_414' title='bbox 2143 3656 2450 3759; x_wconf 86' lang='lat' dir='ltr'><strong>pondera</strong></span> <span class='ocrx_word' id='word_1_415' title='bbox 2481 3669 2547 3743; x_wconf 83' lang='lat'><strong>8,</strong></span> <span class='ocrx_word' id='word_1_416' title='bbox 2595 3655 2910 3726; x_wconf 84' lang='lat' dir='ltr'><strong>aluminis</strong></span> <span class='ocrx_word' id='word_1_417' title='bbox 2935 3654 3147 3755; x_wconf 88' lang='lat' dir='ltr'><strong>pond.</strong></span> <span class='ocrx_word' id='word_1_418' title='bbox 3187 3680 3256 3750; x_wconf 84' lang='lat'><strong>9,</strong></span> <span class='ocrx_word' id='word_1_419' title='bbox 3304 3658 3441 3729; x_wconf 89' lang='lat' dir='ltr'><strong>olei</strong></span> <span class='ocrx_word' id='word_1_420' title='bbox 3473 3658 3762 3754; x_wconf 87' lang='lat' dir='ltr'><strong>Cyprini</strong></span> <span class='ocrx_word' id='word_1_421' title='bbox 3784 3659 3999 3757; x_wconf 88' lang='lat' dir='ltr'><strong>pond.</strong></span> <span class='ocrx_word' id='word_1_422' title='bbox 4030 3661 4309 3749; x_wconf 84' lang='lat' dir='ltr'><strong>decem,</strong></span> <span class='ocrx_word' id='word_1_423' title='bbox 4356 3661 4492 3735; x_wconf 73' lang='lat' dir='ltr'><strong>ml-</strong></span> <span class='ocrx_word' id='word_1_424' title='bbox 4585 3658 4592 3665; x_wconf 74' lang='grc'><strong>’</strong></span> 
     </span>
     <span class='ocr_line' id='line_1_33' title="bbox 1231 3754 4489 3865; baseline -0.004 -25"><span class='ocrx_word' id='word_1_425' title='bbox 1231 3776 1318 3843; x_wconf 74' lang='lat'><strong>26</strong></span> <span class='ocrx_word' id='word_1_426' title='bbox 1346 3770 1443 3840; x_wconf 84' lang='lat' dir='ltr'><strong>cis</strong></span> <span class='ocrx_word' id='word_1_427' title='bbox 1469 3763 1681 3865; x_wconf 86' lang='lat' dir='ltr'><strong>pond.</strong></span> <span class='ocrx_word' id='word_1_428' title='bbox 1709 3764 2029 3863; x_wconf 89' lang='lat' dir='ltr'><strong>quinque.</strong></span> <span class='ocrx_word' id='word_1_429' title='bbox 2094 3762 2095 3765; x_wconf 69' lang='grc'>’</span> <span class='ocrx_word' id='word_1_430' title='bbox 2170 3766 2590 3832; x_wconf 88' lang='lat' dir='ltr'><strong>Fomentum</strong></span> <span class='ocrx_word' id='word_1_431' title='bbox 2616 3754 2704 3827; x_wconf 89' lang='lat' dir='ltr'><strong>ad</strong></span> <span class='ocrx_word' id='word_1_432' title='bbox 2726 3772 3034 3829; x_wconf 85' lang='lat' dir='ltr'><strong>tumores</strong></span> <span class='ocrx_word' id='word_1_433' title='bbox 3060 3755 3202 3828; x_wconf 86' lang='lat' dir='ltr'><strong>fiue</strong></span> <span class='ocrx_word' id='word_1_434' title='bbox 3237 3756 3320 3829; x_wconf 90' lang='lat' dir='ltr'><strong>ad</strong></span> <span class='ocrx_word' id='word_1_435' title='bbox 3357 3756 3671 3827; x_wconf 87' lang='lat' dir='ltr'><strong>duritiam</strong></span> <span class='ocrx_word' id='word_1_436' title='bbox 3715 3761 4091 3854; x_wconf 77' lang='lat' dir='ltr'><strong>quamlibet</strong></span> <span class='ocrx_word' id='word_1_437' title='bbox 4127 3759 4221 3834; x_wconf 80' lang='lat' dir='ltr'><strong>fic</strong></span> <span class='ocrx_word' id='word_1_438' title='bbox 4262 3762 4489 3837; x_wconf 58' lang='lat' dir='ltr'><strong>facies,</strong></span> 
     </span>
     <span class='ocr_line' id='line_1_34' title="bbox 1346 3852 4492 3954; baseline -0.001 -13"><span class='ocrx_word' id='word_1_439' title='bbox 1346 3869 1648 3941; x_wconf 87' lang='lat' dir='ltr'><strong>euiscum</strong></span> <span class='ocrx_word' id='word_1_440' title='bbox 1679 3860 1694 3908; x_wconf 59' lang='grc' dir='ltr'>ἶ</span> <span class='ocrx_word' id='word_1_441' title='bbox 1741 3882 1824 3933; x_wconf 84' lang='lat' dir='ltr'><strong>ex</strong></span> <span class='ocrx_word' id='word_1_442' title='bbox 1844 3854 2005 3934; x_wconf 76' lang='lat' dir='ltr'><strong>vin’o</strong></span> <span class='ocrx_word' id='word_1_443' title='bbox 2037 3855 2402 3933; x_wconf 65' lang='lat' dir='ltr'><strong>decofilum</strong></span> <span class='ocrx_word' id='word_1_444' title='bbox 2426 3859 2723 3932; x_wconf 84' lang='lat' dir='ltr'><strong>conteris</strong></span> <span class='ocrx_word' id='word_1_445' title='bbox 2769 3881 2931 3930; x_wconf 87' lang='lat' dir='ltr'><strong>cum</strong></span> <span class='ocrx_word' id='word_1_446' title='bbox 2972 3861 3288 3951; x_wconf 82' lang='lat' dir='ltr'><strong>axungia,</strong></span> <span class='ocrx_word' id='word_1_447' title='bbox 3342 3874 3413 3929; x_wconf 89' lang='lat' dir='ltr'><strong>et</strong></span> <span class='ocrx_word' id='word_1_448' title='bbox 3448 3852 3538 3926; x_wconf 82' lang='lat' dir='ltr'><strong>fic</strong></span> <span class='ocrx_word' id='word_1_449' title='bbox 3573 3860 3799 3930; x_wconf 79' lang='lat' dir='ltr'><strong>vteris.</strong></span> <span class='ocrx_word' id='word_1_450' title='bbox 3901 3865 3973 3934; x_wconf 85' lang='lat' dir='ltr'><strong>Si</strong></span> <span class='ocrx_word' id='word_1_451' title='bbox 4015 3867 4276 3954; x_wconf 79' lang='lat' dir='ltr'><strong>minus,</strong></span> <span class='ocrx_word' id='word_1_452' title='bbox 4333 3865 4492 3937; x_wconf 88' lang='lat' dir='ltr'><strong>her·</strong></span> 
     </span>
     <span class='ocr_line' id='line_1_35' title="bbox 1231 3954 4492 4057; baseline 0.001 -21"><span class='ocrx_word' id='word_1_453' title='bbox 1231 3979 1322 4049; x_wconf 70' lang='lat'><strong>37</strong></span> <span class='ocrx_word' id='word_1_454' title='bbox 1345 3968 1505 4043; x_wconf 82' lang='lat' dir='ltr'><strong>bam</strong></span> <span class='ocrx_word' id='word_1_455' title='bbox 1535 3964 1828 4041; x_wconf 84' lang='lat' dir='ltr'><strong>sabinam</strong></span> <span class='ocrx_word' id='word_1_456' title='bbox 1854 3965 2183 4051; x_wconf 87' lang='lat' dir='ltr'><strong>conteris,</strong></span> <span class='ocrx_word' id='word_1_457' title='bbox 2235 3976 2309 4034; x_wconf 87' lang='lat' dir='ltr'><strong>et</strong></span> <span class='ocrx_word' id='word_1_458' title='bbox 2328 3974 2415 4034; x_wconf 66' lang='lat' dir='ltr'><strong>ex</strong></span> <span class='ocrx_word' id='word_1_459' title='bbox 2445 3960 2720 4035; x_wconf 79' lang='lat' dir='ltr'><strong>rosaceo</strong></span> <span class='ocrx_word' id='word_1_460' title='bbox 2744 3963 3119 4057; x_wconf 87' lang='lat' dir='ltr'><strong>concoquis</strong></span> <span class='ocrx_word' id='word_1_461' title='bbox 3137 4014 3154 4047; x_wconf 92' lang='lat'><strong>,</strong></span> <span class='ocrx_word' id='word_1_462' title='bbox 3195 3972 3266 4029; x_wconf 89' lang='lat' dir='ltr'><strong>et</strong></span> <span class='ocrx_word' id='word_1_463' title='bbox 3289 3954 3381 4029; x_wconf 88' lang='lat' dir='ltr'><strong>fic</strong></span> <span class='ocrx_word' id='word_1_464' title='bbox 3402 3961 3609 4030; x_wconf 77' lang='lat' dir='ltr'><strong>vteris</strong></span> <span class='ocrx_word' id='word_1_465' title='bbox 3638 3956 3726 4030; x_wconf 82' lang='lat' dir='ltr'><strong>ad</strong></span> <span class='ocrx_word' id='word_1_466' title='bbox 3758 3956 4128 4037; x_wconf 82' lang='lat' dir='ltr'><strong>sanitatem.</strong></span> <span class='ocrx_word' id='word_1_467' title='bbox 4281 3970 4492 4039; x_wconf 89' lang='lat' dir='ltr'><strong>Com-</strong></span> 
     </span>
     <span class='ocr_line' id='line_1_36' title="bbox 1347 4057 4491 4171; baseline 0 -30"><span class='ocrx_word' id='word_1_468' title='bbox 1347 4065 1597 4171; x_wconf 86' lang='lat' dir='ltr'><strong>pofitio</strong></span> <span class='ocrx_word' id='word_1_469' title='bbox 1641 4064 1749 4147; x_wconf 83' lang='lat' dir='ltr'><strong>ad,</strong></span> <span class='ocrx_word' id='word_1_470' title='bbox 1766 4063 2019 4135; x_wconf 86' lang='lat' dir='ltr'><strong>colicos</strong></span> <span class='ocrx_word' id='word_1_471' title='bbox 2044 4061 2079 4136; x_wconf 86' lang='lat'><strong>¹.</strong></span> <span class='ocrx_word' id='word_1_472' title='bbox 2180 4064 2370 4137; x_wconf 88' lang='lat' dir='ltr'><strong>Asari</strong></span> <span class='ocrx_word' id='word_1_473' title='bbox 2406 4063 2706 4150; x_wconf 86' lang='lat' dir='ltr'><strong>Pontici,</strong></span> <span class='ocrx_word' id='word_1_474' title='bbox 2746 4061 3171 4162; x_wconf 86' lang='lat' dir='ltr'><strong>petroselini,</strong></span> <span class='ocrx_word' id='word_1_475' title='bbox 3221 4057 3546 4131; x_wconf 82' lang='lat' dir='ltr'><strong>foeniculi</strong></span> <span class='ocrx_word' id='word_1_476' title='bbox 3589 4061 3818 4136; x_wconf 65' lang='lat' dir='ltr'><strong>meins</strong></span> <span class='ocrx_word' id='word_1_477' title='bbox 3855 4060 4179 4159; x_wconf 74' lang='lat' dir='ltr'><strong>singulas,</strong></span> <span class='ocrx_word' id='word_1_478' title='bbox 4231 4069 4491 4168; x_wconf 77' lang='lat' dir='ltr'><strong>piperis</strong></span> 
     </span>
     <span class='ocr_line' id='line_1_37' title="bbox 1342 4160 4489 4267; baseline -0.001 -22"><span class='ocrx_word' id='word_1_479' title='bbox 1342 4171 1530 4261; x_wconf 80' lang='lat' dir='ltr'><strong>nigri</strong></span> <span class='ocrx_word' id='word_1_480' title='bbox 1551 4167 1776 4239; x_wconf 83' lang='lat' dir='ltr'><strong>vncias</strong></span> <span class='ocrx_word' id='word_1_481' title='bbox 1816 4189 1877 4251; x_wconf 73' lang='grc' dir='ltr'><strong>ι,</strong></span> <span class='ocrx_word' id='word_1_482' title='bbox 1926 4161 2248 4238; x_wconf 84' lang='lat' dir='ltr'><strong>marrubii</strong></span> <span class='ocrx_word' id='word_1_483' title='bbox 2272 4164 2424 4237; x_wconf 78' lang='lat' dir='ltr'><strong>mas.</strong></span> <span class='ocrx_word' id='word_1_484' title='bbox 2447 4186 2598 4237; x_wconf 82' lang='lat' dir='ltr'><strong>vnc.</strong></span> <span class='ocrx_word' id='word_1_485' title='bbox 2637 4186 2696 4250; x_wconf 85' lang='lat'><strong>1,</strong></span> <span class='ocrx_word' id='word_1_486' title='bbox 2746 4161 3053 4235; x_wconf 80' lang='lat' dir='ltr'><strong>abrotani</strong></span> <span class='ocrx_word' id='word_1_487' title='bbox 3075 4164 3340 4234; x_wconf 85' lang='lat' dir='ltr'><strong>vnciam</strong></span> <span class='ocrx_word' id='word_1_488' title='bbox 3366 4160 3592 4250; x_wconf 79' lang='lat' dir='ltr'><strong>semis,</strong></span> <span class='ocrx_word' id='word_1_489' title='bbox 3649 4165 3871 4237; x_wconf 76' lang='lat' dir='ltr'><strong>mellis</strong></span> <span class='ocrx_word' id='word_1_490' title='bbox 3898 4170 4147 4265; x_wconf 86' lang='lat' dir='ltr'><strong>optimi</strong></span> <span class='ocrx_word' id='word_1_491' title='bbox 4175 4169 4388 4267; x_wconf 87' lang='lat' dir='ltr'><strong>pond.</strong></span> <span class='ocrx_word' id='word_1_492' title='bbox 4422 4195 4489 4258; x_wconf 74' lang='grc' dir='ltr'><strong>ι,</strong></span> 
     </span>
     <span class='ocr_line' id='line_1_38' title="bbox 1345 4262 4488 4368; baseline -0 -26"><span class='ocrx_word' id='word_1_493' title='bbox 1345 4290 1603 4368; x_wconf 85' lang='lat' dir='ltr'><strong>coques</strong></span> <span class='ocrx_word' id='word_1_494' title='bbox 1630 4282 1705 4340; x_wconf 86' lang='lat' dir='ltr'><strong>et</strong></span> <span class='ocrx_word' id='word_1_495' title='bbox 1726 4264 2189 4365; x_wconf 83' lang='lat' dir='ltr'><strong>&#39;despumabis‚</strong></span> <span class='ocrx_word' id='word_1_496' title='bbox 2244 4281 2316 4337; x_wconf 86' lang='lat' dir='ltr'><strong>et</strong></span> <span class='ocrx_word' id='word_1_497' title='bbox 2345 4265 2515 4339; x_wconf 85' lang='lat' dir='ltr'><strong>haec</strong></span> <span class='ocrx_word' id='word_1_498' title='bbox 2544 4264 2775 4337; x_wconf 87' lang='lat' dir='ltr'><strong>omnia</strong></span> <span class='ocrx_word' id='word_1_499' title='bbox 2821 4262 3206 4336; x_wconf 88' lang='lat' dir='ltr'><strong>contundes</strong></span> <span class='ocrx_word' id='word_1_500' title='bbox 3253 4276 3325 4337; x_wconf 74' lang='lat' dir='ltr'><strong>et</strong></span> <span class='ocrx_word' id='word_1_501' title='bbox 3364 4286 3635 4349; x_wconf 89' lang='lat' dir='ltr'><strong>cernes,</strong></span> <span class='ocrx_word' id='word_1_502' title='bbox 3687 4280 3763 4337; x_wconf 89' lang='lat' dir='ltr'><strong>et</strong></span> <span class='ocrx_word' id='word_1_503' title='bbox 3799 4263 3892 4338; x_wconf 86' lang='lat' dir='ltr'><strong>fic</strong></span> <span class='ocrx_word' id='word_1_504' title='bbox 3933 4269 4006 4339; x_wconf 90' lang='lat' dir='ltr'><strong>in</strong></span> <span class='ocrx_word' id='word_1_505' title='bbox 4041 4268 4249 4340; x_wconf 89' lang='lat' dir='ltr'><strong>melle</strong></span> <span class='ocrx_word' id='word_1_506' title='bbox 4293 4294 4488 4343; x_wconf 88' lang='lat' dir='ltr'><strong>com-</strong></span> 
     </span>
     <span class='ocr_line' id='line_1_39' title="bbox 1342 4360 4488 4487; baseline -0.002 -40"><span class='ocrx_word' id='word_1_507' title='bbox 1342 4368 1653 4448; x_wconf 83' lang='lat' dir='ltr'><strong>miscebis</strong></span> <span class='ocrx_word' id='word_1_508' title='bbox 1667 4425 1687 4461; x_wconf 93' lang='lat'><strong>,</strong></span> <span class='ocrx_word' id='word_1_509' title='bbox 1712 4365 1872 4441; x_wconf 86' lang='lat' dir='ltr'><strong>inde</strong></span> <span class='ocrx_word' id='word_1_510' title='bbox 1902 4366 2193 4463; x_wconf 85' lang='lat' dir='ltr'><strong>figuram</strong></span> <span class='ocrx_word' id='word_1_511' title='bbox 2220 4365 2423 4440; x_wconf 85' lang='lat' dir='ltr'><strong>facies</strong></span> <span class='ocrx_word' id='word_1_512' title='bbox 2452 4366 2645 4441; x_wconf 77' lang='lat' dir='ltr'><strong>nucis</strong></span> <span class='ocrx_word' id='word_1_513' title='bbox 2674 4364 3017 4438; x_wconf 79' lang='lat' dir='ltr'><strong>anellanae</strong></span> <span class='ocrx_word' id='word_1_514' title='bbox 3031 4420 3050 4453; x_wconf 89' lang='lat'><strong>,</strong></span> <span class='ocrx_word' id='word_1_515' title='bbox 3079 4379 3150 4437; x_wconf 88' lang='lat' dir='ltr'><strong>et</strong></span> <span class='ocrx_word' id='word_1_516' title='bbox 3180 4388 3261 4436; x_wconf 85' lang='lat' dir='ltr'><strong>ex</strong></span> <span class='ocrx_word' id='word_1_517' title='bbox 3286 4388 3457 4464; x_wconf 86' lang='lat' dir='ltr'><strong>aqua</strong></span> <span class='ocrx_word' id='word_1_518' title='bbox 3492 4360 3698 4487; x_wconf 60' lang='lat' dir='ltr'><strong>dabis,</strong></span> <span class='ocrx_word' id='word_1_519' title='bbox 3725 4386 3799 4439; x_wconf 90' lang='lat' dir='ltr'><strong>et</strong></span> <span class='ocrx_word' id='word_1_520' title='bbox 3822 4392 4033 4469; x_wconf 86' lang='lat' dir='ltr'><strong>aquae</strong></span> <span class='ocrx_word' id='word_1_521' title='bbox 4064 4373 4393 4465; x_wconf 86' lang='lat' dir='ltr'><strong>congium</strong></span> <span class='ocrx_word' id='word_1_522' title='bbox 4428 4393 4488 4460; x_wconf 76' lang='grc' dir='ltr'><strong>ι,</strong></span> 
     </span>
    </p>

    <p class='ocr_par' dir='ltr' id='par_1_5' title="bbox 4409 4496 4490 4547">
     <span class='ocr_line' id='line_1_40' title="bbox 4409 4496 4490 4547; baseline 0 -3"><span class='ocrx_word' id='word_1_523' title='bbox 4409 4496 4490 4547; x_wconf 84' lang='lat' dir='ltr'><strong>m</strong></span> 
     </span>
    </p>
   </div>
   <div class='ocr_carea' id='block_1_5' title="bbox 1337 4618 4584 5285">
    <p class='ocr_par' dir='ltr' id='par_1_6' title="bbox 1337 4618 4584 5285">
     <span class='ocr_line' id='line_1_41' title="bbox 1414 4618 4485 4713; baseline -0.001 -33"><span class='ocrx_word' id='word_1_524' title='bbox 1414 4621 1483 4697; x_wconf 83' lang='lat' dir='ltr'><strong>u)</strong></span> <span class='ocrx_word' id='word_1_525' title='bbox 1509 4630 1774 4678; x_wconf 63' lang='lat' dir='ltr'><strong>trama.</strong></span> <span class='ocrx_word' id='word_1_526' title='bbox 1802 4636 1918 4680; x_wconf 85' lang='lat' dir='ltr'><strong>om.</strong></span> <span class='ocrx_word' id='word_1_527' title='bbox 1957 4621 2015 4679; x_wconf 73' lang='lat' dir='ltr'><strong>S.</strong></span> <span class='ocrx_word' id='word_1_528' title='bbox 2116 4621 2176 4697; x_wconf 83' lang='lat' dir='ltr'><strong>x)</strong></span> <span class='ocrx_word' id='word_1_529' title='bbox 2196 4640 2270 4681; x_wconf 78' lang='lat' dir='ltr'><strong>an</strong></span> <span class='ocrx_word' id='word_1_530' title='bbox 2299 4641 2337 4679; x_wconf 76' lang='lat' dir='ltr'><strong>a</strong></span> <span class='ocrx_word' id='word_1_531' title='bbox 2361 4619 2493 4679; x_wconf 59' lang='lat' dir='ltr'><strong>M?</strong></span> <span class='ocrx_word' id='word_1_532' title='bbox 2538 4618 2725 4682; x_wconf 76' lang='lat' dir='ltr'><strong>Diosc.</strong></span> <span class='ocrx_word' id='word_1_533' title='bbox 2756 4638 2811 4690; x_wconf 79' lang='grc' dir='ltr'><strong>ι,</strong></span> <span class='ocrx_word' id='word_1_534' title='bbox 2836 4637 2873 4695; x_wconf 79' lang='grc'><strong><em>9</em></strong></span> <span class='ocrx_word' id='word_1_535' title='bbox 2958 4638 3089 4681; x_wconf 82' lang='lat' dir='ltr'><strong>cere</strong></span> <span class='ocrx_word' id='word_1_536' title='bbox 3127 4620 3200 4680; x_wconf 85' lang='lat' dir='ltr'><strong>de</strong></span> <span class='ocrx_word' id='word_1_537' title='bbox 3236 4638 3300 4680; x_wconf 84' lang='lat' dir='ltr'><strong>ea</strong></span> <span class='ocrx_word' id='word_1_538' title='bbox 3336 4640 3398 4681; x_wconf 86' lang='lat' dir='ltr'><strong>re</strong></span> <span class='ocrx_word' id='word_1_539' title='bbox 3431 4639 3558 4683; x_wconf 89' lang='lat' dir='ltr'><strong>non</strong></span> <span class='ocrx_word' id='word_1_540' title='bbox 3594 4619 3659 4682; x_wconf 82' lang='lat' dir='ltr'><strong>fit</strong></span> <span class='ocrx_word' id='word_1_541' title='bbox 3692 4640 3856 4712; x_wconf 80' lang='lat' dir='ltr'><strong>opus.</strong></span> <span class='ocrx_word' id='word_1_542' title='bbox 4002 4624 4075 4699; x_wconf 83' lang='lat' dir='ltr'><strong>e)</strong></span> <span class='ocrx_word' id='word_1_543' title='bbox 4111 4641 4214 4713; x_wconf 76' lang='lat' dir='ltr'><strong>pro</strong></span> <span class='ocrx_word' id='word_1_544' title='bbox 4251 4622 4485 4682; x_wconf 64' lang='lat' dir='ltr'><strong>smine.</strong></span> 
     </span>
     <span class='ocr_line' id='line_1_42' title="bbox 1342 4687 4491 4783; baseline -0.001 -29"><span class='ocrx_word' id='word_1_545' title='bbox 1342 4702 1604 4772; x_wconf 49' lang='lat' dir='ltr'><strong>fibram-m</strong></span> <span class='ocrx_word' id='word_1_546' title='bbox 1629 4687 1727 4766; x_wconf 57' lang='grc' dir='ltr'><strong>κη’</strong></span> <span class='ocrx_word' id='word_1_547' title='bbox 1749 4695 1937 4779; x_wconf 52' lang='grc' dir='ltr'><strong>(ὥροις.</strong></span> <span class='ocrx_word' id='word_1_548' title='bbox 2025 4696 2350 4783; x_wconf 60' lang='grc' dir='ltr'><strong>ῃβᾰενίτίτ</strong></span> <span class='ocrx_word' id='word_1_549' title='bbox 2376 4715 2434 4755; x_wconf 86' lang='lat' dir='ltr'><strong>et</strong></span> <span class='ocrx_word' id='word_1_550' title='bbox 2444 4697 2709 4770; x_wconf 72' lang='lat' dir='ltr'><strong>ferraria</strong></span> <span class='ocrx_word' id='word_1_551' title='bbox 2749 4696 2879 4754; x_wconf 87' lang='lat' dir='ltr'><strong>sunt</strong></span> <span class='ocrx_word' id='word_1_552' title='bbox 2959 4695 3094 4755; x_wconf 84' lang='lat' dir='ltr'><strong>vid.</strong></span> <span class='ocrx_word' id='word_1_553' title='bbox 3133 4697 3316 4774; x_wconf 80' lang='lat' dir='ltr'><strong>Morg.</strong></span> <span class='ocrx_word' id='word_1_554' title='bbox 3365 4699 3399 4754; x_wconf 90' lang='lat'><em>1</em></span> <span class='ocrx_word' id='word_1_555' title='bbox 3410 4700 3466 4764; x_wconf 83' lang='lat' dir='ltr'><strong>V,</strong></span> <span class='ocrx_word' id='word_1_556' title='bbox 3496 4703 3592 4770; x_wconf 84' lang='lat'><strong>64,</strong></span> <span class='ocrx_word' id='word_1_557' title='bbox 3654 4716 3748 4756; x_wconf 78' lang='lat' dir='ltr'><strong>cui</strong></span> <span class='ocrx_word' id='word_1_558' title='bbox 3786 4698 4022 4756; x_wconf 84' lang='lat' dir='ltr'><strong>debetur</strong></span> <span class='ocrx_word' id='word_1_559' title='bbox 4057 4715 4224 4756; x_wconf 82' lang='lat' dir='ltr'><strong>enam</strong></span> <span class='ocrx_word' id='word_1_560' title='bbox 4267 4692 4491 4756; x_wconf 67' lang='lat' dir='ltr'><strong>Aminei</strong></span> 
     </span>
     <span class='ocr_line' id='line_1_43' title="bbox 1344 4767 4584 4848; baseline -0.002 -18"><span class='ocrx_word' id='word_1_561' title='bbox 1344 4773 1530 4845; x_wconf 74' lang='lat' dir='ltr'><strong>synon</strong></span> <span class='ocrx_word' id='word_1_562' title='bbox 1576 4784 1694 4834; x_wconf 67' lang='grc' dir='ltr'><strong>τηις</strong></span> <span class='ocrx_word' id='word_1_563' title='bbox 1758 4785 2051 4847; x_wconf 75' lang='lat' dir='ltr'><strong>interponi</strong></span> <span class='ocrx_word' id='word_1_564' title='bbox 2092 4788 2228 4848; x_wconf 84' lang='lat' dir='ltr'><strong>ergo</strong></span> <span class='ocrx_word' id='word_1_565' title='bbox 2268 4772 2511 4831; x_wconf 82' lang='lat' dir='ltr'><strong>debebat</strong></span> <span class='ocrx_word' id='word_1_566' title='bbox 2543 4771 2609 4826; x_wconf 69' lang='lat' dir='ltr'><strong>id</strong></span> <span class='ocrx_word' id='word_1_567' title='bbox 2637 4769 2742 4847; x_wconf 84' lang='lat' dir='ltr'><strong>est,</strong></span> <span class='ocrx_word' id='word_1_568' title='bbox 2779 4767 2878 4825; x_wconf 84' lang='lat' dir='ltr'><strong>vel</strong></span> <span class='ocrx_word' id='word_1_569' title='bbox 2959 4780 3061 4846; x_wconf 72' lang='lat' dir='ltr'><strong>pro</strong></span> <span class='ocrx_word' id='word_1_570' title='bbox 3095 4788 3201 4838; x_wconf 82' lang='lat' dir='ltr'><strong>eo,</strong></span> <span class='ocrx_word' id='word_1_571' title='bbox 3249 4772 3404 4845; x_wconf 87' lang='lat' dir='ltr'><strong>quod</strong></span> <span class='ocrx_word' id='word_1_572' title='bbox 3432 4772 3646 4829; x_wconf 86' lang='lat' dir='ltr'><strong>editum</strong></span> <span class='ocrx_word' id='word_1_573' title='bbox 3677 4788 3793 4830; x_wconf 84' lang='lat' dir='ltr'><strong>erat</strong></span> <span class='ocrx_word' id='word_1_574' title='bbox 3818 4771 4002 4846; x_wconf 79' lang='lat' dir='ltr'><strong>(inei)</strong></span> <span class='ocrx_word' id='word_1_575' title='bbox 4142 4772 4196 4842; x_wconf 85' lang='lat' dir='ltr'><strong>f)</strong></span> <span class='ocrx_word' id='word_1_576' title='bbox 4227 4772 4356 4829; x_wconf 79' lang='lat' dir='ltr'><strong>Vox</strong></span> <span class='ocrx_word' id='word_1_577' title='bbox 4381 4769 4488 4844; x_wconf 84' lang='lat' dir='ltr'><strong>hy·</strong></span> <span class='ocrx_word' id='word_1_578' title='bbox 4573 4780 4584 4793; x_wconf 88' lang='lat'><strong>·</strong></span> 
     </span>
     <span class='ocr_line' id='line_1_44' title="bbox 1345 4786 4485 4920; baseline 0 -21"><span class='ocrx_word' id='word_1_579' title='bbox 1345 4843 1482 4919; x_wconf 81' lang='lat' dir='ltr'><strong>quid</strong></span> <span class='ocrx_word' id='word_1_580' title='bbox 1506 4786 1701 4899; x_wconf 65' lang='lat' dir='ltr'><strong>{tymilea</strong></span> <span class='ocrx_word' id='word_1_581' title='bbox 1806 4843 1868 4912; x_wconf 81' lang='lat' dir='ltr'><strong>z)</strong></span> <span class='ocrx_word' id='word_1_582' title='bbox 1891 4841 2037 4901; x_wconf 85' lang='lat' dir='ltr'><strong>nihil</strong></span> <span class='ocrx_word' id='word_1_583' title='bbox 2081 4864 2257 4902; x_wconf 86' lang='lat' dir='ltr'><strong>muto.</strong></span> <span class='ocrx_word' id='word_1_584' title='bbox 2307 4845 2422 4902; x_wconf 85' lang='lat' dir='ltr'><strong>vid.</strong></span> <span class='ocrx_word' id='word_1_585' title='bbox 2459 4846 2578 4901; x_wconf 86' lang='lat' dir='ltr'><strong>lnd.</strong></span> <span class='ocrx_word' id='word_1_586' title='bbox 2677 4844 2747 4913; x_wconf 84' lang='lat' dir='ltr'><strong>a)</strong></span> <span class='ocrx_word' id='word_1_587' title='bbox 2773 4860 2876 4915; x_wconf 88' lang='lat' dir='ltr'><strong>pro</strong></span> <span class='ocrx_word' id='word_1_588' title='bbox 2963 4844 3149 4911; x_wconf 81' lang='lat' dir='ltr'><strong>brida,</strong></span> <span class='ocrx_word' id='word_1_589' title='bbox 3205 4861 3273 4901; x_wconf 82' lang='lat' dir='ltr'><strong>vt</strong></span> <span class='ocrx_word' id='word_1_590' title='bbox 3316 4845 3569 4912; x_wconf 81' lang='lat' dir='ltr'><strong>videtur,</strong></span> <span class='ocrx_word' id='word_1_591' title='bbox 3636 4864 3665 4903; x_wconf 79' lang='lat' dir='ltr'><strong>a</strong></span> <span class='ocrx_word' id='word_1_592' title='bbox 3692 4863 3851 4920; x_wconf 74' lang='lat' dir='ltr'><strong>coquo</strong></span> <span class='ocrx_word' id='word_1_593' title='bbox 3897 4863 4028 4903; x_wconf 88' lang='lat' dir='ltr'><strong>cum</strong></span> <span class='ocrx_word' id='word_1_594' title='bbox 4077 4846 4201 4902; x_wconf 84' lang='lat' dir='ltr'><strong>casu</strong></span> <span class='ocrx_word' id='word_1_595' title='bbox 4246 4847 4485 4905; x_wconf 65' lang='grc' dir='ltr'><strong>(ἴε-πω.</strong></span> 
     </span>
     <span class='ocr_line' id='line_1_45' title="bbox 1337 4915 4488 4994; baseline 0 -24"><span class='ocrx_word' id='word_1_596' title='bbox 1337 4915 1697 4993; x_wconf 50' lang='lat' dir='ltr'><strong>phlegmone-5·</strong></span> <span class='ocrx_word' id='word_1_597' title='bbox 1771 4915 1833 4986; x_wconf 84' lang='lat' dir='ltr'><strong>b)</strong></span> <span class='ocrx_word' id='word_1_598' title='bbox 1866 4934 1935 4973; x_wconf 88' lang='lat' dir='ltr'><strong>an</strong></span> <span class='ocrx_word' id='word_1_599' title='bbox 1950 4916 2235 4994; x_wconf 80' lang='lat' dir='ltr'><strong>iungenda</strong></span> <span class='ocrx_word' id='word_1_600' title='bbox 2249 4917 2452 4973; x_wconf 71' lang='lat' dir='ltr'><strong>radicis</strong></span> <span class='ocrx_word' id='word_1_601' title='bbox 2465 4915 2624 4974; x_wconf 77' lang='lat' dir='ltr'><strong>erui?</strong></span> <span class='ocrx_word' id='word_1_602' title='bbox 2693 4920 2748 4989; x_wconf 87' lang='lat' dir='ltr'><strong>c)</strong></span> <span class='ocrx_word' id='word_1_603' title='bbox 2772 4933 2879 4971; x_wconf 82' lang='lat' dir='ltr'><strong>no·</strong></span> <span class='ocrx_word' id='word_1_604' title='bbox 2998 4918 3018 4988; x_wconf 91' lang='lat'>)</span> <span class='ocrx_word' id='word_1_605' title='bbox 3047 4919 3331 4993; x_wconf 72' lang='lat' dir='ltr'><strong>Malagma</strong></span> <span class='ocrx_word' id='word_1_606' title='bbox 3360 4938 3474 4976; x_wconf 89' lang='lat' dir='ltr'><strong>om.</strong></span> <span class='ocrx_word' id='word_1_607' title='bbox 3502 4922 3557 4978; x_wconf 81' lang='lat' dir='ltr'><strong>S.</strong></span> <span class='ocrx_word' id='word_1_608' title='bbox 3702 4921 3764 4991; x_wconf 86' lang='lat' dir='ltr'><strong>h)</strong></span> <span class='ocrx_word' id='word_1_609' title='bbox 3788 4919 4048 4991; x_wconf 64' lang='lat' dir='ltr'><strong>myrrhini</strong></span> <span class='ocrx_word' id='word_1_610' title='bbox 4069 4920 4194 4976; x_wconf 65' lang='lat' dir='ltr'><strong>edd·</strong></span> <span class='ocrx_word' id='word_1_611' title='bbox 4327 4918 4372 4991; x_wconf 87' lang='lat' dir='ltr'><strong>i)</strong></span> <span class='ocrx_word' id='word_1_612' title='bbox 4396 4915 4488 4970; x_wconf 78' lang='lat' dir='ltr'><strong>vi·</strong></span> 
     </span>
     <span class='ocr_line' id='line_1_46' title="bbox 1344 4936 4487 5070; baseline 0 -23"><span class='ocrx_word' id='word_1_613' title='bbox 1344 4987 1470 5047; x_wconf 75' lang='lat' dir='ltr'><strong>titia</strong></span> <span class='ocrx_word' id='word_1_614' title='bbox 1497 4986 1636 5062; x_wconf 81' lang='lat' dir='ltr'><strong>quid</strong></span> <span class='ocrx_word' id='word_1_615' title='bbox 1667 4983 1766 5042; x_wconf 80' lang='lat' dir='ltr'><strong>fibi</strong></span> <span class='ocrx_word' id='word_1_616' title='bbox 1804 4988 1899 5048; x_wconf 89' lang='lat' dir='ltr'><strong>hic</strong></span> <span class='ocrx_word' id='word_1_617' title='bbox 1934 4991 2105 5058; x_wconf 83' lang='lat' dir='ltr'><strong>velit,</strong></span> <span class='ocrx_word' id='word_1_618' title='bbox 2155 4992 2411 5049; x_wconf 81' lang='lat' dir='ltr'><strong>notitiam</strong></span> <span class='ocrx_word' id='word_1_619' title='bbox 2451 4989 2714 5066; x_wconf 84' lang='lat' dir='ltr'><strong>equidem</strong></span> <span class='ocrx_word' id='word_1_620' title='bbox 2752 5006 2875 5045; x_wconf 90' lang='lat' dir='ltr'><strong>non</strong></span> <span class='ocrx_word' id='word_1_621' title='bbox 2948 4936 3095 5070; x_wconf 60' lang='lat' dir='ltr'><strong>qum</strong></span> <span class='ocrx_word' id='word_1_622' title='bbox 3145 5011 3282 5068; x_wconf 86' lang='lat' dir='ltr'><strong>puto</strong></span> <span class='ocrx_word' id='word_1_623' title='bbox 3340 4994 3453 5068; x_wconf 84' lang='lat' dir='ltr'><strong>leg.</strong></span> <span class='ocrx_word' id='word_1_624' title='bbox 3507 5007 3565 5048; x_wconf 84' lang='lat' dir='ltr'><strong>et</strong></span> <span class='ocrx_word' id='word_1_625' title='bbox 3609 4992 3846 5049; x_wconf 85' lang='lat' dir='ltr'><strong>restituit</strong></span> <span class='ocrx_word' id='word_1_626' title='bbox 3890 4993 4021 5052; x_wconf 77' lang='lat' dir='ltr'><strong>alias</strong></span> <span class='ocrx_word' id='word_1_627' title='bbox 4076 4994 4224 5053; x_wconf 77' lang='lat' dir='ltr'><strong>hanc</strong></span> <span class='ocrx_word' id='word_1_628' title='bbox 4277 5006 4487 5050; x_wconf 79' lang='lat' dir='ltr'><strong>vocem</strong></span> 
     </span>
     <span class='ocr_line' id='line_1_47' title="bbox 1343 5059 3918 5149; baseline 0.002 -32"><span class='ocrx_word' id='word_1_629' title='bbox 1343 5062 1569 5146; x_wconf 48' lang='lat' dir='ltr'><strong>habem·</strong></span> <span class='ocrx_word' id='word_1_630' title='bbox 1634 5059 1695 5125; x_wconf 84' lang='lat' dir='ltr'><strong>d)</strong></span> <span class='ocrx_word' id='word_1_631' title='bbox 1726 5077 1828 5131; x_wconf 86' lang='lat' dir='ltr'><strong>pro</strong></span> <span class='ocrx_word' id='word_1_632' title='bbox 1841 5065 2217 5149; x_wconf 31' lang='lat' dir='ltr'><strong>‘tgr-heminae,</strong></span> <span class='ocrx_word' id='word_1_633' title='bbox 2240 5064 2584 5133; x_wconf 69' lang='lat' dir='ltr'><strong>Armeniaci,</strong></span> <span class='ocrx_word' id='word_1_634' title='bbox 2618 5062 2877 5141; x_wconf 76' lang='lat' dir='ltr'><strong>propulet‘.</strong></span> <span class='ocrx_word' id='word_1_635' title='bbox 2959 5068 3052 5128; x_wconf 75' lang='lat' dir='ltr'><strong>Cl.</strong></span> <span class='ocrx_word' id='word_1_636' title='bbox 3074 5068 3439 5148; x_wconf 77' lang='lat' dir='ltr'><strong>Morgagnus.</strong></span> <span class='ocrx_word' id='word_1_637' title='bbox 3505 5065 3556 5143; x_wconf 74' lang='lat'><strong>1)</strong></span> <span class='ocrx_word' id='word_1_638' title='bbox 3583 5064 3767 5125; x_wconf 70' lang='lat' dir='ltr'><strong>calices</strong></span> <span class='ocrx_word' id='word_1_639' title='bbox 3792 5064 3918 5128; x_wconf 60' lang='lat' dir='ltr'><strong>eddi</strong></span> 
     </span>
     <span class='ocr_line' id='line_1_48' title="bbox 1345 5130 4299 5285; baseline 0.001 -86"><span class='ocrx_word' id='word_1_640' title='bbox 1345 5139 1512 5212; x_wconf 80' lang='lat' dir='ltr'><strong>Qae</strong></span> <span class='ocrx_word' id='word_1_641' title='bbox 1550 5149 1629 5193; x_wconf 72' lang='lat'><strong>11²</strong></span> <span class='ocrx_word' id='word_1_642' title='bbox 1666 5130 1827 5213; x_wconf 74' lang='lat' dir='ltr'><strong>saepe</strong></span> <span class='ocrx_word' id='word_1_643' title='bbox 1862 5154 1981 5200; x_wconf 75' lang='lat' dir='ltr'><strong>nm</strong></span> <span class='ocrx_word' id='word_1_644' title='bbox 2024 5139 2481 5213; x_wconf 67' lang='lat' dir='ltr'><strong>emendamus,</strong></span> <span class='ocrx_word' id='word_1_645' title='bbox 2529 5152 2592 5200; x_wconf 83' lang='lat' dir='ltr'><strong>vt</strong></span> <span class='ocrx_word' id='word_1_646' title='bbox 2640 5138 2756 5202; x_wconf 70' lang='lat' dir='ltr'><strong>iam</strong></span> <span class='ocrx_word' id='word_1_647' title='bbox 2785 5136 2875 5199; x_wconf 71' lang='lat' dir='ltr'><strong>di-</strong></span> <span class='ocrx_word' id='word_1_648' title='bbox 3625 5152 3632 5159; x_wconf 87' lang='grc'><em>·</em></span> <span class='ocrx_word' id='word_1_649' title='bbox 3815 5144 3828 5161; x_wconf 72' lang='lat'>⁸</span> <span class='ocrx_word' id='word_1_650' title='bbox 4241 5169 4299 5285; x_wconf 69' lang='lat'><strong>·)</strong></span> 
     </span>
    </p>
   </div>
  </div>
 </body>
</html>
