4942 6167
1276 231 1325 258 Ns

1236 367 1369 448 ἰε
1528 357 1537 378 ³
1817 307 2335 432 rALLADu
2427 359 2615 432 ΜΒ.
2686 361 2740 432 L
2834 357 3054 433 TIT.
3134 361 3505 434 xxvm.
3571 357 3874 466 xxm.

1278 547 1397 620 vni
1430 545 1681 618 nutrici
1728 547 1967 637 viginti
2008 548 2309 643 quinque
2354 543 2679 640 sufficere.
2738 544 2911 619 mihi
2948 570 3114 620 vero
3129 603 3146 634 ‚
3198 560 3277 620 vt
3319 545 3500 619 bene
3535 545 3732 619 educi
3791 539 4060 645 poffmt,
4106 543 4425 623 videntur

1284 647 1673 747 quindecim
1709 648 1856 742 satis
1892 643 2038 718 effe.
2140 650 2372 718 Primis
2399 643 2640 728 diebus
2669 647 2777 744 “far
2817 647 3007 719 ordei
3038 650 3474 746 conspersum
3519 653 3680 721 vino
3729 649 3952 749 pullis
3987 646 4274 737 dabitur,
4304 652 4427 725 &el

1210 822 1216 828 ,
1279 749 1737 847 vndecunque
1782 745 1975 820 costa
2019 749 2351 847 pulticula
2401 764 2475 820 et
2524 743 2930 841 refrigerata.
3034 747 3290 848 postea'
3321 748 3672 823 adiicietur
3731 766 4012 849 porrum
4056 753 4426 842 concisum,

1279 851 1389 922 vel
1436 851 1661 922 caseus
1704 875 1962 936 recens,
2026 848 2140 922 sed
2193 847 2576 948 expressus:
2624 875 2782 921 nam
2840 852 3074 923 serum'
3111 852 3313 950 pullis
3359 868 3585 925 nocet.
3687 848 4017 924 Locustae
4043 856 4248 924 etiam
4303 879 4426 951 pe·

1186 970 1229 1040 6
1281 950 1476 1023 dibus
1504 950 1737 1024 ablatis
1769 951 2200 1050 praebentur.
2295 957 2400 1023 Ita
2430 945 2742 1050 pascendi
2768 953 2925 1026 sunt
2970 953 3175 1050 vsque
3200 952 3284 1024 ad
3310 954 3569 1026 sextum
3598 968 3626 998 ⁰
3659 955 4049 1034 mensem,P.
4147 955 4421 1027 Deinde

1159 1116 1163 1121 .
1281 1053 1569 1126 ordeum
1623 1056 1879 1152 poteris
1944 1050 2271 1151 praebere
2316 1052 2686 1125 solenniter
2726 1065 2777 1124 ⁶¹.
2880 1050 3511 1152 Trigefimoquinto
3574 1067 3808 1126 tamen
3855 1053 3966 1125 die
3999 1066 4025 1099 ²
4067 1052 4429 1152 postquam

1279 1158 1421 1227 nati
1465 1156 1638 1240 sunt,
1689 1158 1894 1226 etiam
1924 1157 1994 1252 in
2025 1178 2262 1244 agrum
2290 1167 2445 1227 tuto
2484 1157 2634 1225 eiici
2671 1151 2948 1252 possunt
2984 1158 3357 1227 comitante
3386 1158 3654 1228 nutrice
3684 1152 4020 1255 pascendi,
4073 1156 4266 1249 cuius
4297 1154 4421 1229 fin-

1281 1256 1480 1349 gultu
1533 1272 1947 1328 reuocantur
2000 1253 2083 1325 ad
2127 1254 2371 1327 villam.
2485 1258 2762 1328 Pituitas
2824 1281 2987 1327 vero
3040 1271 3114 1326 et
3170 1255 3534 1330 cruditates
3579 1259 3660 1328 iis
3705 1256 4022 1330 remediis
4065 1252 4427 1331 submoue-

1279 1356 1415 1446 bis,
1464 1356 1708 1457 quibus
1741 1357 1985 1450 gallina
2007 1373 2297 1429 curatur.
2323 1407 2337 1421 ·
2402 1359 2785 1430 Maximum
2825 1358 2953 1429 illis
2980 1357 3366 1454 periculum
3406 1355 3530 1446 est,
3579 1382 3739 1430 cum
3783 1360 4024 1455 incipit
4045 1355 4241 1428 crista
4266 1383 4426 1456 pro-

1221 1459 1229 1467 '
1280 1458 1470 1530 duci:
1525 1484 1681 1548 nam
1736 1461 2088 1557 patiuntur
2130 1458 2493 1551 languores
2538 1458 2878 1532 infantum
2916 1454 3355 1533 fimilitudine
3393 1471 3453 1550 ⁸,
3522 1483 3682 1533 cum
3725 1458 3858 1531 illis
3885 1473 4236 1532 tumentes
4279 1463 4424 1553 gin-

1281 1563 1470 1658 giuas
1501 1559 1831 1632 denticuli
1875 1561 2138 1668 aperire
2189 1561 2519 1632 nituntur.
2687 1583 2734 1640 ‘.

1483 1668 1541 1734 X
1558 1667 1614 1731 X
1632 1665 1666 1733 Ι
1685 1667 1756 1758 Χ.
1801 1690 1827 1733 1
1852 1690 1899 1732 n
1959 1657 2286 1758 phasianis
2314 1660 2691 1733 nutriendis
2719 1661 2855 1734 hoc
2881 1660 3283 1735 seruandum
3302 1658 3416 1751 est,
3428 1677 3504 1735 vt
3528 1662 3788 1734 nouelli
3815 1660 3898 1732 ad
3925 1658 4252 1732 creandos
4281 1658 4428 1733 foe·

1280 1777 1421 1860 tus=
1448 1765 1805 1862 parentur,
1857 1758 1926 1833 id
1971 1781 1998 1816 ²¹
2054 1759 2150 1832 est
2190 1765 2306 1859 qui
2336 1788 2517 1834 anno
2558 1763 2904 1861 superiore
2947 1763 3101 1836 sunt
3141 1764 3347 1836 editi:
3397 1779 3663 1836 veteres
3699 1766 3883 1836 enim
3925 1761 4251 1834 foecundi
4291 1757 4426 1834 effe

1282 1890 1429 1936 non
1457 1860 1749 1963 pofl‘unt.
1781 1866 2034 1934 Ineunt
2059 1862 2391 1936 foeminas
2408 1865 2636 1938 mense
2662 1868 2918 1936 Martio
2948 1863 2979 1907 ‘¹
3005 1866 3115 1937 v'el
3139 1866 3375 1964 Aprili.
3400 1864 3681 1938 Duabus
3710 1891 3888 1937 vnus
3927 1863 4260 1935 masculus
4294 1862 4424 1936 suf·

1280 1965 1456 2053 ficit,
1503 1969 1657 2064 quia
1701 1981 1990 2037 caeteras
2033 1989 2191 2036 aues
2235 1963 2563 2037 salacitate
2622 1991 2764 2039 non
2808 1984 3048 2063 aequat
3076 1978 3117 2037 ⁰.
3223 1968 3451 2038 Semel
3491 1970 3562 2037 in
3598 1992 3779 2039 anno
3823 1966 4051 2038 foetus
4095 1980 4328 2035 creant
4372 1960 4421 2035 d.

1185 2093 1231 2143 2
1282 2069 1547 2160 Viginti
1583 2066 1727 2138 fere
1762 2068 1908 2137 ouis
1953 2064 2260 2163 pariendi
2289 2078 2316 2110 ⁶
2362 2066 2532 2138 ordo
2575 2057 3007 2138 concluditur
3050 2063 3082 2137 f.
3135 2068 3448 2139 Gallinae
3475 2068 3578 2139 his
3612 2068 3851 2139 melius
3881 2063 4423 2150 incubabunnita

1279 2182 1356 2239 vt
1396 2169 1780 2264 quindecim
1811 2163 2193 2265 phasianina
2210 2192 2341 2239 oua
2371 2177 2404 2224 Ε
2431 2169 2658 2238 nutrix
2700 2194 2829 2237 vna
2860 2169 3226 2266 cooperiat,
3283 2185 3356 2240 et
3383 2166 3413 2213 ¹²
3440 2187 3702 2240 caetera
3735 2167 3836 2242 sui
3868 2168 4134 2260 generis
4173 2164 4419 2262 suppo·

1172 2333 1177 2342 .
1280 2285 1546 2342 nantur.
1658 2272 1741 2339 In
1780 2266 2231 2366 supponendo
2256 2322 2274 2354 ‚
2345 2264 2431 2338 de
2477 2267 2639 2338 luna
2681 2281 2764 2338 et.
2792 2266 3032 2339 diebus
3075 2293 3249 2365 quae
3288 2270 3444 2342 sunt
3484 2272 3558 2341 in
3598 2270 3737 2342 aliis
3782 2265 3959 2341 dieta
4005 2268 4350 2340 seruentur
4379 2259 4417 2334 ί.

1277 2366 1702 2463 Tfigefimus
1744 2368 1887 2439 dies
1927 2383 2231 2439 maturos
2277 2367 2507 2464 pullos
2552 2370 2625 2438 in
2678 2367 2918 2438 lumen
2957 2363 2992 2409 k
3051 2354 3340 2438 emittet.
3487 2371 3622 2440 Sed
3649 2397 3778 2466 per
3807 2369 4196 2464 quindecim
4228 2363 4246 2410 ¹
4280 2364 4420 2434 dies

1279 2466 1573 2543 discoao
1604 2479 1654 2512 “¹
1684 2492 1761 2538 ac
1784 2466 2183 2558 refrigerato
2232 2466 2481 2537 leuiter
2507 2478 2538 2511 ⁰
2582 2467 2773 2538 ordei
2815 2466 2988 2536 farre
3021 2468 3409 2561 pascentur,
3465 2470 3576 2536 cui
3601 2471 3737 2536 vini
3778 2467 3998 2534 imber
4035 2465 4426 2560 aspergitur.

1279 2569 1434 2641 Post
1463 2571 1768 2641 triticum
1793 2562 2083 2638 stastum
2113 2583 2141 2609 ⁰
2171 2564 2548 2662 praebebis,
2594 2582 2664 2635 et
2693 2563 2994 2650 locustaS,
3045 2580 3117 2634 et
3147 2579 3278 2634 ou'a
3303 2564 3644 2634 formicae.
3711 2569 3882 2633 Sane
3912 2561 3993 2631 ab
4023 2584 4233 2658 aquae
4313 2587 4423 2631 ro·

1190 2704 1231 2771 3
1280 2669 1641 2742 hibeantur
1673 2662 1946 2752 acceffu,
1996 2691 2088 2737 ne
2119 2680 2237 2736 eos
2263 2668 2507 2763 pituita
2547 2664 2927 2736 concludat.
3033 2662 3244 2744 Quod
3287 2662 3334 2733 fi
3365 2666 3679 2761 pituitam
3723 2665 4066 2762 patientur
4108 2587 4425 2759 phasiani,

1281 2770 1435 2843 allio
1484 2794 1647 2841 cum
1685 2770 1838 2866 pice
1886 2765 2147 2863 liquida
2182 2768 2347 2837 trito
2403 2762 2612 2837 rostra
2652 2791 2894 2837 eorum
2925 2762 3201 2836 debebis
3245 2761 3531 2835 affiduus
3567 2763 3958 2862 perfricare,
4002 2763 4113 2835 vel
4158 2764 4420 2850 vitium,

1184 2905 1234 2982 ·4
1279 2868 1452 2943 ficut
1482 2870 1743 2962 gallinis
1772 2866 1917 2941 fieri
1947 2866 2319 2954 consueuit,
2362 2863 2642 2938 auferre.
2743 2864 3100 2958 Saginandi
3132 2866 3303 2940 haec
3329 2869 3501 2938 ratio
3528 2863 3641 2954 est,
3685 2882 3763 2937 vt
3786 2868 3982 2938 vnius
4010 2861 4225 2936 modii
4250 2865 4423 2934 triti·

1242 3007 1257 3014 -
1282 2995 1403 3045 cea
1430 2970 1642 3043 farina
1668 2983 1700 3031 Ρ
1728 2972 1800 3041 in
1824 2965 2233 3041 breuiffimas
2276 2963 2519 3040 offulas
2555 2963 2820 3040 redasta
2856 2968 3086 3044 clauso
3121 2963 3437 3065 phafiano
3465 2993 3592 3067 per
3623 2980 3775 3039 'xxx
3827 2966 3968 3038 dies
4010 2965 4355 3061 ministrata
4384 2974 4424 3026 (Ι

1279 3068 1593 3147 sufficiat:
1642 3070 1779 3158 vel,
1842 3067 1892 3141 fi
1951 3068 2342 3142 ordeaceam
2385 3068 2670 3142 farinam
2713 3068 3038 3166 praebere
3080 3069 3408 3156 volueris,
3462 3073 3686 3156 vuius,
3757 3083 3830 3140 et
3874 3064 4142 3141 semiffis
4205 3065 4421 3138 modii

1281 3171 1497 3246 farina
1520 3199 1646 3271 per
1674 3165 2050 3270 praedistos
2084 3169 2227 3242 dies
2255 3171 2546 3263 saginam
2573 3167 2884 3268 replebit.
2991 3168 3507 3243 Obseruandum
3533 3173 3688 3246 sane
3718 3166 3831 3258 est,
3857 3187 3934 3242 vt
3969 3165 4219 3241 offulae
4241 3167 4420 3266 ipsae

1288 3274 1447 3347 oleo
1487 3275 1875 3366 leuigentur
1905 3271 2184 3370 asperso,
2231 3287 2303 3343 et
2327 3275 2418 3342 ita
2444 3273 2819 3344 inserantur
2845 3270 3167 3359 faucibuS,
3203 3295 3292 3342 ne
3320 3268 3441 3343 sub
3469 3271 3698 3345 infima
3729 3272 3999 3364 linguae
4027 3284 4219 3369 parte
4244 3293 4420 3341 rner-

1286 3392 1563 3470 gantur:
1612 3372 1799 3472 quod
1828 3369 1876 3443 fi
1910 3375 2234 3459 euenerit,
2256 3369 2481 3448 statim
2512 3387 2807 3471 pereunt
2833 3384 2872 3444 ἲ.
2965 3372 3144 3450 Illud
3171 3397 3446 3469 quoque
3473 3397 3895 3472 magnopere
3924 3394 4256 3457 curemu8‚
4274 3394 4363 3442 ne
4390 3378 4418 3415 ⁸

1285 3475 1741 3576 praebeantur
1766 3499 1947 3545 noua
1973 3474 2325 3561 alimenta,
2377 3470 2497 3546 nifi
2527 3485 2549 3519 t
2577 3471 2846 3570 digestis
2873 3473 3012 3548 aliis
3045 3484 3120 3564 ¹³3
3169 3475 3325 3572 quia
3351 3498 3471 3548 eos
3507 3474 3822 3550 facillime
3854 3499 4029 3545 onus
4076 3463 4207 3543 cibi
4259 3470 4417 3543 hae·

1194 3601 1199 3614 ·
1284 3582 1499 3651 rentis
1530 3591 1559 3624 ¹
1603 3577 1952 3669 extinguit.
4015 3578 4242 3645 XXX.
4271 3600 4416 3646 An·
4493 3671 4502 3677 δ

1468 3714 1529 3785 o)
1559 3729 1721 3767 vnum
1753 3714 1846 3769 Cr.
1955 3711 2018 3783 p)
2043 3709 2181 3767 diem
2209 3712 2255 3767 1.
2283 3712 2344 3769 B.
2390 3714 2453 3769 R.
2568 3710 2629 3784 q)
2645 3708 2975 3783 fhllemm'ter
3001 3709 3168 3782 Lug-d.
3271 3710 3322 3781 r)
3371 3708 3636 3788 Dicefimo
3661 3723 3839 3765 umen
3864 3708 4044 3787 quinto
4068 3709 4154 3766 die
4169 3710 4230 3766 E.
4249 3707 4416 3769 refle-

1288 3789 1339 3860 ε)
1371 3790 1576 3844 dolores
1579 3784 1932 3856 fimilieudine
1954 3783 2248 3853 infantium
2272 3787 2333 3842 E.
2468 3786 2584 3860 [T.
2599 3785 2711 3840 XX
2728 3787 2745 3839 Ι
2760 3786 2866 3853 Χ.]
2975 3801 3004 3838 a
3043 3783 3220 3837 u‘idem
3244 3781 3337 3856 qui
3361 3784 3577 3844 Barth„
3667 3787 3727 3853 b)
3752 3782 3956 3841 Martii
3974 3785 4070 3838 vel
4085 3784 4293 3860 Aprilis
4321 3781 4412 3839 Cr.

1290 3860 1461 3934 mense
1490 3879 1605 3916 om.
1624 3861 1684 3914 E.
1783 3857 1836 3926 c)
1862 3872 1968 3910 nou
1990 3869 2221 3928 aequant
2251 3858 2310 3911 Ε.
2352 3855 2517 3912 refle-
2616 3857 2653 3911 d
2661 3873 2679 3922 )
2708 3860 2963 3910 creabunt
3060 3859 3160 3929 gd.
3193 3857 3254 3911 E.
3370 3864 3424 3921 e)
3443 3857 3688 3932 patiendi
3710 3860 3755 3912 l.
3780 3859 3846 3915 B.
3875 3859 3938 3914 R.
4047 3857 4080 3914 f
4087 3866 4110 3929 j
4147 3859 4417 3914 concludet

1288 3939 1341 3992 1:
1366 3938 1430 3991 B.
1461 3937 1529 3990 R.
1637 3931 1697 4006 g)
1725 3930 1987 4005 pbaestana
2012 3944 2113 3982 oua
2154 3929 2212 3984 E.
2244 3930 2443 3986 v.Lex.
2456 3930 2524 3986 R.
2620 3929 2684 3994 h)
2711 3942 2766 3982 et
2795 3948 2904 3985 om.
2921 3928 3085 4013 Lngd.
3106 3932 3196 3983 Cr.
3219 3930 3276 3984 E.
3389 3930 3435 4002 i)
3463 3929 3722 4000 [eruemus
3745 3931 3911 4005 Lugd.
3944 3933 4008 3987 Ε.
4124 3930 4187 4004 k)
4223 3929 4418 3987 lumine

1289 4009 1470 4064 mittet
1489 4007 1536 4062 Ι.
1563 4006 1626 4061 B.
1653 4005 1715 4059 R.
1817 4002 1862 4072 l)
1901 4002 2023 4056 ΧΙΙ
2055 4004 2099 4056 Ι.
2128 4003 2194 4057 Β.
2224 4003 2283 4057 R.
2371 4009 2452 4066 m)
2489 4003 2692 4056 dec-080
2719 4001 2913 4058 Barth.
2938 4000 3165 4078 dtscreto
3207 4004 3300 4057 Cr.
3377 4005 3443 4071 n)
3468 4003 3660 4060 leuiter
3684 4025 3793 4061 om.
3820 4006 4012 4062 Barth.
4089 4005 4151 4076 o)
4165 4004 4417 4076 fruHum

1280 4080 1483 4139 Barth.
1598 4077 1659 4150 p)
1694 4074 1872 4130 tritici
1883 4072 2087 4145 farina
2116 4077 2178 4129 E.
2290 4077 2353 4161 q)
2390 4072 2699 4162 mins‘strnatae
2720 4094 2832 4131 om.
2861 4078 2922 4132 E.
3033 4082 3086 4144 r)
3114 4074 3374 4162 ⁴peribunt*
3399 4078 3461 4133 E.
3489 4078 3652 4152 Lugd.
3676 4082 3723 4134 l.
3744 4080 3807 4136 B.
3834 4082 3902 4136 R.
4014 4082 4066 4150 s)
4094 4092 4160 4132 vt
4193 4076 4235 4135 r.
4251 4080 4312 4135 B.
4343 4080 4413 4136 R.

1290 4157 1339 4228 t)
1377 4153 1488 4230 nist
1507 4149 1828 4209 om.Baertb.
1843 4146 2013 4222 lugd.
2035 4150 2079 4205 1.
2111 4149 2176 4208 B.
2209 4147 2398 4220 R.n1fi
2417 4186 2488 4199 -
2503 4150 2630 4204 alm
2647 4168 2762 4244 ojn.
2783 4150 2842 4206 E.
2958 4150 3021 4221 u)
3046 4149 3171 4204 alm
3187 4168 3299 4206 om.
3356 4153 3404 4206 I.
3425 4154 3487 4209 B.
3500 4154 3562 4209 R.
3602 4154 3766 4228 Lugd.
3868 4152 3925 4225 x)
3951 4152 4159 4209 arentis
4185 4153 4380 4248 Rau-th.
4410 4213 4416 4218 ,

1364 4322 1456 4375 28,
1494 4325 1522 4377 ς
1552 4305 1843 4377 Envm)
1881 4306 2116 4362 educere
2143 4303 2218 4361 est
2257 4305 2508 4372 educare,
2549 4305 2816 4380 quemad-
2893 4319 2898 4324 ·
2967 4323 3056 4391 ορ,
3100 4322 3124 4361 1
3167 4308 3562 4380 VETERES)
3613 4307 3902 4366 Phafianos
3941 4327 4043 4383 pro
4084 4307 4307 4368 senibus
4329 4328 4416 4368 ac-

1290 4384 1527 4442 modum
1552 4397 1608 4439 et
1638 4380 1796 4455 supra
1834 4398 1894 4436 n.
1916 4397 1940 4435 1
1971 4396 2074 4451 pro
2115 4379 2339 4434 educant
2366 4378 2591 4454 quidam
2616 4379 2672 4436 le
2750 4397 2816 4438 nt
2898 4378 3086 4453 cipias.
3122 4379 3217 4436 Sic
3231 4380 3294 4437 in
3311 4382 3580 4455 Priape-iu
3616 4399 3672 4442 et
3709 4397 3918 4439 veteres
3929 4384 4071 4458 fagi
4092 4384 4238 4458 apud
4257 4385 4416 4461 Virg.

1289 4462 1531 4515 educunt.
1605 4451 1903 4531 Virgilius:
1954 4485 1980 4497 -
2016 4483 2042 4496 -
2076 4450 2177 4506 alii
2197 4449 2345 4528 spem
2378 4451 2566 4525 gentis
2603 4398 2816 4510 adaias
2896 4456 3012 4511 Ecl.
3025 4467 3083 4528 3.
3121 4466 3413 4514 BARTH.
3451 4470 3540 4528 39,
3568 4470 3621 4520 8.
3671 4481 3678 4488 ·

1290 4529 1753 4600 Βάκι-κυκήσω.
1801 4536 2205 4585 BARTHJVS
2250 4538 2411 4598 3908·
2972 4547 3063 4599 29,
3103 4547 3126 4584 ι
3170 4539 3605 4588 caari-:nas
3654 4529 4276 4602 avt-ts)1²osteriorem
4310 4547 4417 4587 vo·
4459 4531 4464 4536 ’

1356 4617 1458 4671 28,
1498 4621 1525 4673 5
1567 4612 1836 4661 VNDEC
1853 4611 1963 4661 VN
2044 4602 2189 4670 vE)
2240 4618 2308 4656 ex
2337 4599 2606 4659 omnibus
2649 4599 2816 4688 parti-
2896 4620 3020 4659 cem
3061 4602 3266 4661 omittit
3307 4605 3482 4680 Lugd.
3534 4623 3664 4662 meo
3704 4605 3928 4681 quidem
3962 4603 4204 4670 iudicio,
4254 4604 4417 4671 male,

1288 4681 1415 4737 bus.
1494 4676 1866 4735 Terentianus
1906 4692 2012 4748 apu
2070 4673 2408 4732 Laflantium
2441 4693 2489 4741 1,
2527 4682 2560 4731 6
2599 4693 2694 4731 ων
2721 4677 2811 4730 do·
2893 4675 3024 4750 quia
3047 4676 3115 4734 ad
3138 4676 3358 4736 sensum
3384 4679 3753 4753 supplendum
3779 4677 4077 4735 necess‘ario
4094 4676 4411 4753 requiritur:

1286 4747 1532 4824 aiffimus
1557 4753 1894 4824 endec-unque
1927 4753 2593 4807 mescnoss’r‘rc.
2659 4747 2811 4806 Mihi
2894 4760 3358 4810 sennem-G.
3591 4807 3596 4813 .
4093 4768 4102 4776 ·

1284 4826 1579 4885 videbatur
1625 4822 1929 4902 significare
1963 4840 2032 4878 ex
2065 4838 2361 4898 quocunque
2398 4822 2688 4899 legumine
2713 4822 2808 4880 vel
2899 4859 2916 4876 .
2969 4843 3067 4909 ²9².
3099 4842 3128 4879 ιι
3170 4835 3355 4885 VIN!
3397 4826 3692 4894 IMBER)
3714 4824 4129 4956 meerest,‹}uo
4157 4823 4292 4898 quid
4319 4825 4416 4882 ad-

1260 4901 1589 4960 ·frumentO.
2713 4919 2730 4930 .
2891 4889 3163 4973 spergltur
3184 4916 3278 4956 aut
3316 4899 3589 4978 irrigatur.
3627 4897 3720 4955 sic
3744 4897 3935 4954 vriue
3957 4897 4029 4953 im
4062 4918 4125 4953 er
4155 4899 4231 4955 est
4267 4897 4416 4956 infra

1357 4992 1424 5045 ²9
1454 4975 1544 5029 De
1560 4969 1833 5048 phasianis
1845 4970 2016 5027 multa
2033 4968 2363 5042 interpretes
2376 4969 2444 5028 ad
2457 4971 2697 5032 Petros-
2714 4990 2746 5046 9
2755 4984 2807 5046 3.
2890 4989 2941 5027 c.
2961 4986 3042 5050 ις.
3087 4972 3424 5032 Claudianus
3451 4975 3524 5031 de
3548 4971 3918 5032 ornatricibus
3933 4972 4196 5032 Venerist
4233 4973 4417 5045 longos

1275 5045 1574 5167 Pescripfit
1598 5044 1750 5106 hunc
1764 5044 1961 5103 locum
1974 5041 2149 5103 Cxesc.
2165 5061 2218 5117 9,
2230 5057 2314 5118 83.
2883 5045 3021 5104 ‘baec
3040 5047 3273 5124 amatis
3295 5049 3492 5110 imm
3499 5045 3725 5123 irrigat.
3741 5057 3780 5106 B
3792 5059 3837 5107 Δ
3848 5057 3891 5107 R
3901 5057 3949 5107 Τ
3959 5058 4008 5107 H
4022 5060 4042 5106 1
4059 5060 4097 5106 v
4110 5059 4403 5198 239de

3705 5813 3834 6040 Aa*
3769 5731 3782 5748 -

3797 6047 3852 6080 ἓ·

4691 5993 4942 6115 ...Α
