4942 6167
1009 442 1338 525 ARTIS
1380 441 2220 525 VETERLNAMAE
2266 447 2508 527 ειν-Ε
2554 453 2878 530 MvLo
2926 459 3034 539 M,
3418 473 3624 565 —2852

642 638 999 713 LXXVI.
1108 626 2078 712 osrssnntnnvuautem
2112 635 2239 729 est,
2282 643 2603 740 potiones
2644 643 2819 741 ipsas
2858 657 3191 744 oportere
3225 667 3385 721 eum
3422 658 3452 695 ⁸
3486 653 3592 725 τιν’

436 747 631 816 tione
662 739 964 814 defundi.
1065 738 1415 838 Siquidem
1441 738 1840 840 {requenter
1862 744 2135 830 euenit,
2180 756 2256 817 vt
2284 743 2451 817 dum
2479 745 2788 817 animalia
2813 750 3263 845 potionantur
3295 748 3585 841 tuffiant,

435 844 681 927 sudent
703 839 737 888 δ
779 843 1107 933 grauiter,
1159 858 1233 913 et
1259 857 1633 915 tremorem
1665 843 2129 917 musculorum
2159 855 2187 889 ²
2224 849 2538 919 omnium
2571 849 2947 945 patiantur,
2974 849 3289 924 follicent
3314 853 3343 895 ‘¹
3378 854 3588 927 etiam

437 963 511 1049 et
536 941 851 1021 submisso
883 946 1103 1043 capite
1129 944 1199 1016 se
1226 939 1548 1016 sustinere
1584 947 1691 1016 vix
1723 941 1979 1043 possint
2001 956 2043 1017 θ.
2141 946 2350 1029 Quod
2404 948 2651 1021 accidit
2678 951 2704 993 f
2736 947 2784 1022 fi
2832 950 3104 1049 quando
3144 978 3274 1052 per
3313 957 3630 1051 imperi·x

434 1053 604 1122 tiam
646 1049 848 1137 [artis
875 1049 951 1132 ⁸]
996 1043 1252 1133 dantis,
1312 1048 1507 1144 potio
1552 1047 1624 1117 in
1666 1048 1939 1118 arterias
1985 1064 2057 1119 et
2107 1049 2481 1145 spirituales
2512 1047 2546 1095 ¹¹
2587 1064 2842 1150 partes,
2863 1053 3213 1150 pulmonis
3266 1051 3586 1129 resilierit.
3713 1090 3726 1096 ·

434 1148 640 1227 Vnde
674 1146 755 1220 fit
790 1161 863 1256 et
896 1148 1281 1247 periculum
1311 1147 1645 1246 praesens.
1748 1141 1980 1230 Qu'are
2023 1145 2523 1225 obseruandum
2549 1150 2676 1241 est,
2723 1177 2813 1224 ne
2841 1151 3141 1226 tuffienti
3164 1157 3474 1228 iumento
3514 1172 3587 1229 et
3661 1171 3707 1234 2‘

436 1251 774 1353 pendenti
798 1262 817 1294 ¹
856 1244 1119 1330 adiicias
1149 1248 1547 1348 potionem,
1596 1247 1711 1323 sed
1739 1246 1959 1322 statim
1991 1255 2200 1339 [eum
2230 1245 2309 1339 ¹‘]
2354 1253 2570 1326 soluas
2589 1310 2607 1342 ,
2672 1255 3169 1355 paululumque
3201 1259 3221 1300 ¹
3263 1254 3585 1333 deambu-
3785 1260 3792 1264 ’

434 1356 566 1442 let,
613 1368 686 1427 et
714 1365 761 1396 ¹¹²
789 1353 1010 1445 ‚magis
1058 1353 1122 1422 ei
1163 1350 1287 1422 alia
1331 1352 1621 1450 potione
1664 1348 2059 1424 subuenias:
2133 1378 2345 1451 aquae
2387 1354 2657 1454 tepidae
2718 1355 2953 1428 oleum
2983 1369 3015 1401 ¹²
3059 1357 3358 1432 rosatum
3399 1384 3587 1432 com-

433 1457 672 1530 misces
702 1470 775 1529 et
800 1457 1045 1547 agitas,
1093 1467 1167 1524 et
1186 1477 1313 1551 per
1360 1477 1438 1524 os
1487 1452 1745 1555 saepius
1785 1450 1992 1525 dabis.
2094 1455 2301 1527 Pusca
2327 1466 2359 1500 ⁰
2405 1483 2682 1556 quoque
2724 1458 3020 1557 puleiata
3063 1485 3257 1531 nares
3301 1464 3444 1533 eius
3480 1460 3586 1533 fo-

434 1557 658 1646 vebis,
712 1571 784 1629 et
809 1569 841 1618 P
880 1553 1352 1627 emendabitur
1390 1555 1608 1652 culpa.
1706 1551 2223 1630 Obseruandum
2265 1584 2545 1659 quoque
2594 1556 2722 1653 est,
2795 1574 2872 1634 vt
2915 1555 3254 1635 subtraao
3299 1561 3584 1653 hordeo,
3725 1640 3732 1651 ,

437 1676 510 1733 et
535 1672 571 1724 ‘1
615 1673 869 1755 negato
909 1671 1090 1758 potu
1120 1655 1383 1750 digerat
1409 1665 1431 1699 ³
1467 1655 1713 1729 animal
1754 1660 2094 1758 potiones.
3685 1652 3690 1655 ⁷

642 1789 1036 1860 LXXVII.
1134 1812 1708 1873 rrnnvuovs
1756 1813 1795 1859 a
1834 1788 2098 1861 nociuis
2131 1795 2159 1833 ¹
2200 1784 2631 1876 animalibus,
2677 1787 2749 1861 id
2780 1784 2875 1861 est
2915 1784 3246 1881 colubris,
3287 1793 3592 1890 scorpiis,

431 1890 813 1992 phalangiis
832 1888 883 1975 ¹³,
908 1902 981 1959 et
1006 1885 1313 1961 muribus
1343 1889 1601 1967 caecisc
1629 1888 1939 1962 animalia
1957 1889 2331 1977 feriuntur,
2364 1904 2437 1961 et
2460 1893 2535 1962 in
2560 1891 2945 1988 periculum
2974 1896 3278 1967 veniunt.
3328 1886 3588 1969 Cuius‘¹

432 1991 554 2065 ista
610 1992 767 2065 sunt
819 1987 1038 2084 figna:
1136 1988 1469 2073 fastidium
1518 2002 1545 2034 ⁶
1590 1986 1931 2078 ciborum,
2011 1990 2222 2091 pedes
2263 1989 2692 2080 mhunturf,
2767 2006 2841 2064 et
2890 2018 3052 2067 cum
3105 1993 3586 2092 producuntur
3658 2014 3706 2079 gf

435 2090 894 2169 succumbunt
916 2090 999 2163 ad
1025 2087 1326 2185 singulos
1369 2088 1656 2185 grefl'us,
1708 2116 1835 2191 per
1869 2116 2063 2163 nares
2103 2090 2344 2165 defluit
2387 2091 2638 2179 sanies»,
2681 2091 2981 2184 grauedo
3025 2095 3316 2185 nascitur
3346 2082 3581 2193 capitis

434 2200 527 2270 ita
549 2211 627 2271 vt
652 2196 1003 2271 deiiciatur
1030 2193 1115 2266 ad
1144 2208 1426 2281 terram,
1470 2193 1554 2269 ad
1590 2191 2006 2288 surgendum
2035 2194 2142 2267 vel
2171 2190 2632 2265 incedendum
2674 2191 3003 2267 deficiunt
3042 2200 3348 2294 corporis
3387 2200 3581 2268 vires.

438 2297 867 2373 Generaliter
896 2293 1305 2378 eutatioista
1330 2297 1685 2369 succurrit:
1749 2300 1976 2367 Locus
2004 2307 2036 2354 ⁸
2084 2297 2205 2393 qui
2243 2289 2588 2393 percussus
2634 2290 2729 2365 est
2770 2307 2930 2376 ante
2977 2300 3207 2371 omnia
3247 2296 3581 2391 fumigan·-
3658 2327 3701 2394 3

437 2399 567 2474 dus
611 2395 707 2471 est
744 2394 1067 2473 succensis
1108 2394 1292 2470 testis
1337 2421 1635 2471 ouorum
1678 2396 2011 2489 gallinae,
2108 2419 2236 2469 uae
2279 2397 2466 2494 prius
2512 2393 2889 2468 infundes‚¹¹
2929 2398 3001 2469 in
3056 2413 3279 2487 aceto,
3349 2396 3580 2469 addito

440 2504 647 2577 etiam
677 2526 890 2575 cornu
921 2502 1202 2575 ceruino
1232 2499 1345 2571 vel
1372 2496 1681 2592 galbano.
1782 2497 1935 2570 Post
1963 2499 2001 2572 s
2117 2498 2473 2570 mentumi
2504 2496 2656 2571 loca
2685 2499 2820 2596 ipsa
2848 2495 3234 2571 scarificabis
3263 2503 3299 2586 ¹,
3343 2514 3415 2570 et
3441 2500 3581 2571 san-

439 2609 724 2698 guinem
762 2627 841 2679 ex
881 2602 985 2676 his
1026 2604 1313 2690 emittis,
1371 2600 1482 2672 vel
1525 2614 1710 2673 certe
1749 2598 2060 2673 candenti
2093 2613 2139 2645 ¹¹²
2175 2599 2361 2673 ferro
2400 2597 2743 2671 comburis
2785 2600 2969 2688 loca,
3033 2626 3224 2700 quae.
3247 2614 3583 2673 venenata

434 2703 638 2807 pestis
670 2708 909 2799 attigit.
1012 2702 1389 2777 Obseruare
1419 2719 1651 2777 autem
1681 2699 1922 2788 debes,
1967 2727 2058 2773 ne
2083 2716 2202 2775 aut
2229 2699 2426 2800 supra
2463 2700 2786 2772 articulos
2817 2714 2850 2746 ¹¹
2892 2716 3010 2772 aut
3051 2698 3352 2773 neruosis
3382 2704 3453 2773 in
3482 2702 3586 2787 loq
3655 2727 3703 2792 4

437 2812 529 2883 cis
558 2811 631 2880 in
664 2831 1067 2907 quacunque
1093 2801 1391 2905 paffione
1413 2828 1712 2902 vnquam
1750 2802 2127 2876 cauterium
2164 2805 2480 2900 imponas
2509 2811 2561 2872 ⁰.
2660 2799 2930 2872 Adustis
2967 2805 3153 2873 enim
3200 2806 3427 2874 neruis
3466 2801 3583 2875 vel

434 2911 764 2998 articulis,
824 2924 1158 3008 perpetua
1205 2905 1519 2978 debilitas
1551 2905 2022 3002 consequetur.
2134 2902 2271 2974 Sed
2313 2895 2677 2995 diligenter
2719 2899 3093 2988 considera,
3138 2917 3212 2973 vt
3243 2917 3277 2964 P
3322 2919 3439 2975 aut
3478 2904 3583 2976 su-

433 3016 662 3113 perius
695 3025 811 3083 aut
832 3007 1113 3081 inferius
1142 3005 1464 3106 pusillum
1493 3032 1695 3104 quam
1726 3008 1920 3081 nerui
1947 3014 2065 3076 aut
2096 3005 2356 3078 articuli
2389 3004 2575 3090 sunt,
2621 3025 2780 3074 cum
2807 2999 3151 3074 neceffitas
3179 3002 3416 3092 fuerit,
3469 3030 3584 3104 ap·
3707 3078 3712 3084 ,

435 3139 651 3214 ponas
685 3113 996 3186 cauteria.
1107 3105 1378 3179 Animal
1406 3122 1633 3183 autem
1679 3104 1867 3207 quod
1891 3118 2225 3178 venenata
2247 3100 2529 3175 bestiola
2557 3115 2592 3164 ‘1
2628 3106 2933 3196 tetigerit
2951 3102 3233 3202 expedit
3256 3120 3332 3177 vt
3363 3104 3579 3192 sudet,
3664 3122 3710 3190 ς

437 3230 509 3287 et
545 3214 772 3287 calidis
803 3226 826 3257 ³
871 3210 1319 3307 coopertoriis
1344 3209 1735 3285 inuolutum
1764 3205 2184 3292 deambulet,
2237 3220 2309 3276 et
2350 3205 2635 3277 farinam
2678 3202 3124 3277 hordeaceam
3164 3208 3236 3275 in
3280 3205 3434 3278 cibo
3475 3207 3582 3278 su-

432 3316 608 3404 mat,
663 3312 904 3387 additis
936 3307 1287 3387 frondibus
1326 3308 1634 3383 fraxineis
1680 3326 1751 3381 et
1793 3306 2042 3381 vitibus
2092 3305 2273 3379 albis.
2318 3316 2343 3351 ⁸
2443 3308 2526 3379 In
2567 3305 2765 3404 plaga
2811 3321 3042 3377 autem
3092 3305 3232 3376 mel
3272 3310 3585 3385 Atticum

432 3418 933 3514 vel-§cyminum
964 3415 1037 3483 in
1065 3421 1087 3456 ³
1127 3413 1282 3509 rino
1310 3414 1524 3486 veteri
1565 3415 1855 3485 mixtum
1894 3404 2293 3483 calefaE'l-um
2337 3423 2616 3507 oportet
2656 3409 2939 3505 imponi.
3034 3408 3382 3479 Nonnulli
3422 3405 3584 3481 ster-

441 3543 563 3590 cus
599 3516 865 3588 suillum
892 3540 1126 3587 recens
1159 3530 1228 3587 et
1257 3515 1398 3591 mel
1422 3526 1458 3561 ⁰
1500 3512 1812 3589 Atticum
1855 3536 2015 3584 cum
2052 3513 2231 3595 vino,
2255 3510 2572 3598 miscent,
2620 3524 2691 3584 et
2737 3502 3138 3582 calefaaum
3181 3505 3361 3608 quasi
3409 3518 3580 3582 cata·

433 3617 689 3719 plasma
713 3614 1069 3711 inducunt,
1114 3614 1437 3690 addentes
1463 3620 1724 3689 vtinam
1752 3613 2142 3685 humanam.

644 3749 703 3818 L
718 3750 779 3817 X
794 3747 1080 3818 XVIII.
1184 3776 1222 3819 a
1244 3778 1295 3836 Q
1312 3775 1365 3820 v
1385 3776 1433 3819 v
1455 3770 1485 3817 s
1517 3754 1543 3788 ³
1588 3739 1635 3816 fi
1666 3737 2055 3842 buprestem
2074 3736 2450 3813 comederit
2477 3738 2549 3809 in
2576 3688 2786 3810 foeno
2811 3734 2924 3809 vel
2947 3738 3019 3809 in
3049 3734 3321 3836 pabu10,
3351 3736 3522 3810 haec
3545 3736 3579 3782 ⁶

434 3840 622 3943 figna
648 3844 866 3921 statim
893 3847 1288 3949 sequuntur.
1396 3853 1661 3921 Venter
1697 3846 1761 3919 ei
1802 3840 2107 3932 inflatur,
2153 3869 2192 3915 a
2232 3837 2396 3914 cibis
2430 3853 2458 3884 ⁶
2497 3835 2732 3930 resilit,
2788 3852 2861 3912 et
2893 3842 2924 3885 ‘¹
2965 3836 3256 3916 stercora
3292 3841 3585 3958 minuta·
3657 3908 3661 3912 ,
3723 3924 3740 3947 .

587 3991 590 3995 ’
3454 3958 3584 4019 tim

512 4122 612 4202 [Ο.
643 4122 929 4197 Lxxv1.]
1006 4122 1059 4196 a)
1098 4120 1170 4181 fic
1209 4123 1594 4183 conieceramz
1663 4137 1720 4182 et
1763 4117 1969 4179 confir·
2052 4116 2316 4176 caeciliis.
2359 4114 2479 4174 vid.
2520 4115 2647 4174 Ind.
2745 4113 2864 4176 Nifi
2902 4131 3089 4175 tamen
3129 4132 3246 4172 mus
3275 4133 3459 4172 caecus
3489 4115 3590 4175 vel

439 4216 552 4257 mat
577 4202 640 4257 C.
692 4198 972 4256 curaeeIone
1010 4196 1137 4254 edd.
1289 4199 1351 4269 b)
1367 4198 1549 4273 selene
1588 4198 1649 4256 F.
1675 4200 1758 4255 M.
1794 4199 1854 4255 S.
1882 4198 1968 4252 M.
2052 4194 2125 4251 tal
2167 4208 2196 4247 a
2222 4191 2329 4261 est,
2367 4191 2465 4248 vel
2493 4190 2604 4264 ipsa
2638 4190 2779 4248 adeo
2803 4189 3036 4247 caecilia.
3078 4191 3202 4247 add.
3235 4192 3405 4278 Garg.
3434 4190 3587 4247 Mar·

441 4291 473 4335 c
523 4271 675 4347 mose.
705 4274 831 4331 edd.
906 4271 968 4345 d>
992 4269 1064 4327 fic
1095 4272 1154 4326 C.
1174 4267 1449 4341 fodientes
1468 4288 1524 4331 et
1551 4272 1677 4333 edd.
1708 4271 1819 4330 vid.
1850 4270 1970 4329 ind.
2054 4211 2174 4325 titl-
2216 4283 2316 4325 at.
2465 4264 2528 4337 d)
2629 4281 2812 4320 uorum
2862 4266 2927 4334 C,
3079 4264 3138 4333 e)
3165 4263 3466 4345 fqstidmm
3510 4262 3587 4320 ci-

441 4365 472 4405 e
518 4345 738 4422 poffimt
765 4346 890 4403 edd.
1002 4343 1063 4416 f)
1092 4344 1269 4399 euenit
1310 4346 1375 4403 C.
1488 4352 1547 4423 g)
1580 4345 1725 4402 artis
1753 4366 1867 4403 om.
1908 4346 1970 4404 C.
2055 4343 2173 4399 bum
2214 4342 2274 4398 C.
2384 4337 2452 4407 f)
2492 4353 2586 4394 tra
2623 4351 2720 4393 unt
2762 4341 2821 4395 C.
2935 4340 2995 4414 g)
3027 4338 3195 4393 locum
3223 4370 3320 4382 —-·
3335 4337 3587 4410 fumiga-

438 4420 502 4491 h)
538 4421 688 4477 forte
728 4419 1008 4495 spiritales
1057 4417 1199 4493 quin
1250 4418 1307 4471 in
1345 4418 1619 4494 spiritales
1660 4420 1855 4479 diserte
1913 4417 1969 4474 C.
2054 4414 2134 4472 bis
2166 4417 2228 4471 C.
2326 4410 2363 4468 h
2412 4412 2725 4483 infunderes
2755 4415 2811 4469 C.
2863 4411 3011 4469 forte
3037 4409 3324 4483 infuderis.
3425 4411 3469 4481 i)
3483 4409 3585 4480 fo.

437 4494 501 4626 ἒξ
525 4494 688 4625 {3²35
710 4492 1121 4624 &iiiss‘ss‘inim'
1165 4492 1753 4639 z''5:i:'zm²s¹'00‘²¹¹13
1777 4491 1969 4644 ,23:52⁶
2040 4486 2436 4649 Jci’ssissffiss'
2470 4482 3583 4630 {swa-0⁶3³„„3.³„⁶‘3÷3‘¹'‘2⁶>“22·,-0555223

420 4641 588 4718 τίφης.
619 4643 681 4697 C.
764 4642 844 4711 m)
853 4638 1191 4714 sedmaegisa
1211 4637 1268 4694 ia
1285 4640 1343 4695 C.
1420 4643 1489 4713 n)
1522 4644 1628 4697 oleo
1651 4640 1873 4716 commis.
1901 4641 1966 4698 C.
2051 4651 2151 4693 aut
2171 4653 2229 4690 m
2250 4633 2487 4704 neruosts
2505 4632 2633 4689 locis
2663 4634 2724 4690 C.
2803 4638 2862 4704 o)
2880 4647 3049 4708 ponas
3079 4632 3140 4687 C.
3215 4634 3277 4703 p)
3303 4645 3357 4686 et
3372 4660 3470 4679 μ-
3488 4642 3582 4705 ap.

443 4716 503 4789 o)
528 4736 630 4789 pro
645 4713 807 4792 posta
838 4714 1131 4789 pulegium.
1230 4714 1293 4787 p)
1321 4727 1375 4767 et
1404 4734 1515 4770 em.
1541 4717 1625 4771 C.'
1711 4718 1773 4792 q)
1812 4729 1866 4771 et
1903 4731 1970 4768 ne
2044 4726 2206 4788 pones
2230 4711 2291 4767 C.
2352 4711 2443 4784 ·q)
2468 4706 2634 4784 bestia
2660 4710 2719 4764 C.
2810 4708 2861 4778 r)
2875 4705 3030 4783 sagis
3065 4704 3165 4761 ins
3198 4706 3256 4760 G.
3356 4701 3405 4773 s)
3436 4705 3583 4773 (cre-

428 4803 614 4866 potum
660 4785 925 4864 degqstum
966 4787 1179 4843 animal
1211 4786 1456 4865 potiones
1510 4788 1569 4845 C.
1672 4798 1735 4861 r)
1766 4787 1969 4864 digerit
2050 4787 2150 4856 do)
2179 4781 2279 4841 ins.
2306 4782 2368 4840 F.
2446 4789 2493 4853 t)
2521 4801 2633 4839 cum
2659 4785 2721 4840 C.
2798 4781 2861 4852 u)
2885 4780 3201 4835 melanteum
3233 4781 3290 4834 C.
3339 4776 3582 4837 {omnia-

439 4863 563 4920 edd.
754 4865 817 4919 C.
850 4860 1154 4934 Lxxvlm
1216 4864 1271 4932 a)
1295 4860 1471 4915 noxiis
1498 4863 1560 4917 C.
1634 4863 1699 4935 b)
1714 4863 1967 4949 [pbalan-
2048 4859 2132 4919 vit
2155 4859 2302 4916 forte
2327 4856 2686 4913 melanthium.
2764 4853 3140 4913 Commendat
3165 4853 3226 4909 id
3259 4851 3483 4927 quidem
3511 4849 3581 4909 ad

430 4935 680 5013 giisedd.
731 4936 1002 5012 palangiis
1029 4940 1087 4994 C.
1121 4937 1155 4993 s
1163 4934 1402 4994 adhaefit
1416 4933 1588 4991 initio
1602 4954 1967 5008 vocssaprae·
2047 4933 2333 5012 phalangii
2376 4931 2517 4992 istus
2555 4928 2747 4989 Diosc.
2795 4943 2845 5000 3,
2885 4942 2973 5000 93.
3125 4928 3230 5001 [C.
3255 4923 3585 5003 Lxxv111.1

437 5012 694 5068 cedente.
725 5009 840 5067 vid.
873 5010 941 5066 ad
968 5012 1111 5088 Veg.
1141 5025 1193 5083 3,
1228 5025 1291 5075 ει
1324 5029 1423 5067 no.
1453 5028 1512 5066 a.
1622 5010 1676 5077 c)
1699 5008 1774 5063 al.
1806 5009 1966 5075 areis,
2049 5008 2224 5067 Conf.
2256 5011 2392 5083 Veg.
2412 5020 2465 5076 3,
2489 5024 2569 5074 ις,
2593 5022 2672 5061 ιο.
2749 5005 2809 5074 a)
2836 4998 3214 5079 Buprestemst
3236 5018 3362 5055 com.
3391 5003 3448 5056 C.
3489 4999 3584 5052 bu-

436 5087 505 5142 id
523 5082 600 5159 (st
628 5082 840 5140 araneis
863 5082 975 5140 vid.
1010 5105 1058 5143 c.
1088 5103 1179 5156 79,
1208 5096 1278 5158 83
1338 5084 1404 5142 in
1438 5100 1608 5159 marg.
1653 5079 1964 5136 Fabriciani
2033 5080 2266 5154 strepem
2283 5076 2526 5137 edd.nis1
2540 5078 2690 5150 quod
2704 5074 2991 5152 buprestem
3007 5077 3060 5131 S.
3078 5076 3162 5130 M.
3205 5075 3264 5140 b)
3279 5073 3408 5128 haec
3421 5081 3582 5127 erunt

414 5157 680 5236 *exempli
711 5154 1057 5237 adscriptum.
1136 5156 1290 5220 Mihi
1328 5160 1626 5222 videbatur
1663 5153 1968 5232 legendum
2033 5156 2219 5231 Agna.
2253 5152 2451 5211 Statim
2475 5150 2526 5207 ei
2548 5162 2740 5205 venter
2766 5151 2825 5208 C.
2898 5150 2958 5222 c)
2981 5146 3096 5208 cibo
3118 5148 3183 5208 C.
3231 5146 3293 5219 d)
3320 5158 3375 5202 et
3391 5144 3583 5203 om.C.

2561 5238 2763 5317 Nn)
3422 5232 3595 5308 elad
