<?xml version="1.0" encoding="UTF-8"?>
<!DOCTYPE html PUBLIC "-//W3C//DTD XHTML 1.0 Transitional//EN"
    "http://www.w3.org/TR/xhtml1/DTD/xhtml1-transitional.dtd">
<html xmlns="http://www.w3.org/1999/xhtml" xml:lang="en" lang="en">
 <head>
  <title>
</title>
<meta http-equiv="Content-Type" content="text/html;charset=utf-8" />
  <meta name='ocr-system' content='tesseract 3.04.00' />
  <meta name='ocr-capabilities' content='ocr_page ocr_carea ocr_par ocr_line ocrx_word'/>
</head>
<body>
  <div class='ocr_page' id='page_1' title='image "./scriptoresreiru00ernegoog_0449.png"; bbox 0 0 4942 6167; ppageno 0'>
   <div class='ocr_carea' id='block_1_1' title="bbox 1129 414 3554 523">
    <p class='ocr_par' dir='ltr' id='par_1_1' title="bbox 1129 414 3554 523">
     <span class='ocr_line' id='line_1_1' title="bbox 1129 414 3554 523; baseline 0.008 -36"><span class='ocrx_word' id='word_1_1' title='bbox 1129 418 1190 487; x_wconf 70' lang='lat'>1:</span> <span class='ocrx_word' id='word_1_2' title='bbox 1232 418 1306 487; x_wconf 92' lang='grc' dir='ltr'>Β.</span> <span class='ocrx_word' id='word_1_3' title='bbox 1355 414 1987 493; x_wconf 81' lang='lat' dir='ltr'>MORGAGNI</span> <span class='ocrx_word' id='word_1_4' title='bbox 2047 414 2378 489; x_wconf 78' lang='lat' dir='ltr'><strong>EPIST.</strong></span> <span class='ocrx_word' id='word_1_5' title='bbox 2430 417 2560 508; x_wconf 87' lang='lat' dir='ltr'>IV,</span> <span class='ocrx_word' id='word_1_6' title='bbox 2615 418 2669 509; x_wconf 83' lang='lat'>§.</span> <span class='ocrx_word' id='word_1_7' title='bbox 2732 440 2787 491; x_wconf 85' lang='lat' dir='ltr'>r.</span> <span class='ocrx_word' id='word_1_8' title='bbox 3414 453 3554 523; x_wconf 60' lang='lat'>401</span> 
     </span>
    </p>
   </div>
   <div class='ocr_carea' id='block_1_2' title="bbox 321 582 3545 1313">
    <p class='ocr_par' dir='ltr' id='par_1_2' title="bbox 321 582 3545 1313">
     <span class='ocr_line' id='line_1_2' title="bbox 393 582 3545 712; baseline 0.003 -35"><span class='ocrx_word' id='word_1_9' title='bbox 393 597 640 689; x_wconf 75' lang='lat' dir='ltr'>tuiffet,</span> <span class='ocrx_word' id='word_1_10' title='bbox 686 613 766 675; x_wconf 82' lang='lat' dir='ltr'>vt</span> <span class='ocrx_word' id='word_1_11' title='bbox 792 597 1196 687; x_wconf 84' lang='lat' dir='ltr'>ostenderet,</span> <span class='ocrx_word' id='word_1_12' title='bbox 1247 626 1323 671; x_wconf 90' lang='lat' dir='ltr'>re</span> <span class='ocrx_word' id='word_1_13' title='bbox 1352 601 1493 697; x_wconf 85' lang='lat' dir='ltr'>ipsa</span> <span class='ocrx_word' id='word_1_14' title='bbox 1523 600 1997 686; x_wconf 76' lang='lat' dir='ltr'><strong>Columellam,</strong></span> <span class='ocrx_word' id='word_1_15' title='bbox 2048 599 2272 687; x_wconf 80' lang='lat' dir='ltr'>facere</span> <span class='ocrx_word' id='word_1_16' title='bbox 2309 602 2670 700; x_wconf 87' lang='lat' dir='ltr'>scyllinum</span> <span class='ocrx_word' id='word_1_17' title='bbox 2697 582 2989 695; x_wconf 76' lang='lat' dir='ltr'>acetum,</span> <span class='ocrx_word' id='word_1_18' title='bbox 3041 609 3117 681; x_wconf 88' lang='lat' dir='ltr'>in</span> <span class='ocrx_word' id='word_1_19' title='bbox 3149 606 3290 683; x_wconf 84' lang='lat' dir='ltr'>hoc</span> <span class='ocrx_word' id='word_1_20' title='bbox 3320 617 3545 712; x_wconf 82' lang='lat' dir='ltr'>capite</span> 
     </span>
     <span class='ocr_line' id='line_1_3' title="bbox 393 702 3539 810; baseline 0.003 -32"><span class='ocrx_word' id='word_1_21' title='bbox 393 705 660 791; x_wconf 82' lang='lat' dir='ltr'>docere,</span> <span class='ocrx_word' id='word_1_22' title='bbox 714 707 788 777; x_wconf 87' lang='lat' dir='ltr'>in</span> <span class='ocrx_word' id='word_1_23' title='bbox 819 729 963 802; x_wconf 83' lang='lat' dir='ltr'>quo</span> <span class='ocrx_word' id='word_1_24' title='bbox 993 702 1252 801; x_wconf 83' lang='lat' dir='ltr'>Scyllas</span> <span class='ocrx_word' id='word_1_25' title='bbox 1284 727 1376 772; x_wconf 88' lang='lat' dir='ltr'>ne</span> <span class='ocrx_word' id='word_1_26' title='bbox 1403 718 1741 777; x_wconf 84' lang='lat' dir='ltr'>memorat</span> <span class='ocrx_word' id='word_1_27' title='bbox 1781 702 2078 799; x_wconf 85' lang='lat' dir='ltr'>quidem,</span> <span class='ocrx_word' id='word_1_28' title='bbox 2127 705 2302 779; x_wconf 84' lang='lat' dir='ltr'>aceti</span> <span class='ocrx_word' id='word_1_29' title='bbox 2344 720 2575 776; x_wconf 89' lang='lat' dir='ltr'>autem</span> <span class='ocrx_word' id='word_1_30' title='bbox 2619 708 2929 799; x_wconf 77' lang='lat' dir='ltr'>exiguam</span> <span class='ocrx_word' id='word_1_31' title='bbox 2963 712 3251 783; x_wconf 89' lang='lat' dir='ltr'>omnino</span> <span class='ocrx_word' id='word_1_32' title='bbox 3279 717 3539 810; x_wconf 87' lang='lat' dir='ltr'>portio·</span> 
     </span>
     <span class='ocr_line' id='line_1_4' title="bbox 321 801 3533 911; baseline 0.002 -31"><span class='ocrx_word' id='word_1_33' title='bbox 321 871 328 879; x_wconf 95' lang='lat'>.</span> <span class='ocrx_word' id='word_1_34' title='bbox 390 832 557 880; x_wconf 88' lang='lat' dir='ltr'>nem</span> <span class='ocrx_word' id='word_1_35' title='bbox 585 829 834 898; x_wconf 84' lang='lat' dir='ltr'>magna</span> <span class='ocrx_word' id='word_1_36' title='bbox 861 829 1022 875; x_wconf 89' lang='lat' dir='ltr'>cum</span> <span class='ocrx_word' id='word_1_37' title='bbox 1055 801 1259 875; x_wconf 87' lang='lat' dir='ltr'>musti</span> <span class='ocrx_word' id='word_1_38' title='bbox 1285 804 1483 900; x_wconf 89' lang='lat' dir='ltr'>copia</span> <span class='ocrx_word' id='word_1_39' title='bbox 1510 802 1862 876; x_wconf 80' lang='lat' dir='ltr'><strong>admiscet:</strong></span> <span class='ocrx_word' id='word_1_40' title='bbox 1913 807 2198 893; x_wconf 30' lang='lat' dir='ltr'>certe-in</span> <span class='ocrx_word' id='word_1_41' title='bbox 2223 818 2334 876; x_wconf 93' lang='lat' dir='ltr'>tot</span> <span class='ocrx_word' id='word_1_42' title='bbox 2364 806 2672 902; x_wconf 88' lang='lat' dir='ltr'>scyllitici</span> <span class='ocrx_word' id='word_1_43' title='bbox 2704 810 2878 880; x_wconf 90' lang='lat' dir='ltr'>aceti</span> <span class='ocrx_word' id='word_1_44' title='bbox 2922 808 3533 911; x_wconf 70' lang='lat' dir='ltr'>compositionibus</span> 
     </span>
     <span class='ocr_line' id='line_1_5' title="bbox 390 898 3535 1004; baseline 0.008 -40"><span class='ocrx_word' id='word_1_45' title='bbox 390 919 566 1004; x_wconf 62' lang='lat' dir='ltr'>qum</span> <span class='ocrx_word' id='word_1_46' title='bbox 588 908 788 1004; x_wconf 73' lang='lat' dir='ltr'>supra</span> <span class='ocrx_word' id='word_1_47' title='bbox 815 898 932 981; x_wconf 66' lang='lat' dir='ltr'>&#39;me</span> <span class='ocrx_word' id='word_1_48' title='bbox 957 900 1205 997; x_wconf 58' lang='lat' dir='ltr'>fidisse,</span> <span class='ocrx_word' id='word_1_49' title='bbox 1255 903 1566 991; x_wconf 76' lang='lat' dir='ltr'>indicaui,</span> <span class='ocrx_word' id='word_1_50' title='bbox 1597 907 1734 999; x_wconf 54' lang='lat' dir='ltr'>*qui</span> <span class='ocrx_word' id='word_1_51' title='bbox 1778 900 2000 976; x_wconf 84' lang='lat' dir='ltr'>musto</span> <span class='ocrx_word' id='word_1_52' title='bbox 2045 920 2367 994; x_wconf 79' lang='lat' dir='ltr'>vteretur,</span> <span class='ocrx_word' id='word_1_53' title='bbox 2417 907 2553 979; x_wconf 86' lang='lat' dir='ltr'>vidi</span> <span class='ocrx_word' id='word_1_54' title='bbox 2593 911 2962 982; x_wconf 87' lang='lat' dir='ltr'>neminem.</span> <span class='ocrx_word' id='word_1_55' title='bbox 3112 914 3356 988; x_wconf 83' lang='lat' dir='ltr'>Paulus</span> <span class='ocrx_word' id='word_1_56' title='bbox 3386 943 3535 990; x_wconf 88' lang='lat' dir='ltr'>mo·</span> 
     </span>
     <span class='ocr_line' id='line_1_6' title="bbox 391 1004 3532 1109; baseline 0.003 -28"><span class='ocrx_word' id='word_1_57' title='bbox 391 1008 482 1081; x_wconf 87' lang='lat' dir='ltr'>do</span> <span class='ocrx_word' id='word_1_58' title='bbox 514 1006 597 1080; x_wconf 86' lang='lat' dir='ltr'>ad</span> <span class='ocrx_word' id='word_1_59' title='bbox 637 1022 908 1083; x_wconf 85' lang='lat' dir='ltr'>acetum</span> <span class='ocrx_word' id='word_1_60' title='bbox 949 1008 1108 1095; x_wconf 71' lang='lat' dir='ltr'>mel,</span> <span class='ocrx_word' id='word_1_61' title='bbox 1162 1023 1234 1079; x_wconf 91' lang='lat' dir='ltr'>et</span> <span class='ocrx_word' id='word_1_62' title='bbox 1279 1007 1502 1105; x_wconf 81' lang='lat' dir='ltr'>sapam</span> <span class='ocrx_word' id='word_1_63' title='bbox 1543 1004 1798 1079; x_wconf 76' lang='lat' dir='ltr'>addidit</span> <span class='ocrx_word' id='word_1_64' title='bbox 1839 1009 1914 1078; x_wconf 89' lang='lat' dir='ltr'>in</span> <span class='ocrx_word' id='word_1_65' title='bbox 1940 1030 2020 1075; x_wconf 85' lang='lat' dir='ltr'>ea</span> <span class='ocrx_word' id='word_1_66' title='bbox 2049 1004 2550 1106; x_wconf 69' lang='lat' dir='ltr'>compositione</span> <span class='ocrx_word' id='word_1_67' title='bbox 2590 1007 2679 1087; x_wconf 85' lang='lat' dir='ltr'>de</span> <span class='ocrx_word' id='word_1_68' title='bbox 2709 1036 2843 1109; x_wconf 85' lang='lat' dir='ltr'>qua</span> <span class='ocrx_word' id='word_1_69' title='bbox 2887 1010 3244 1105; x_wconf 83' lang='lat' dir='ltr'>nouiffime</span> <span class='ocrx_word' id='word_1_70' title='bbox 3282 1015 3532 1091; x_wconf 84' lang='lat' dir='ltr'>indica-</span> 
     </span>
     <span class='ocr_line' id='line_1_7' title="bbox 388 1102 3530 1218; baseline 0.003 -36"><span class='ocrx_word' id='word_1_71' title='bbox 388 1128 543 1182; x_wconf 86' lang='lat' dir='ltr'>tum</span> <span class='ocrx_word' id='word_1_72' title='bbox 587 1105 716 1196; x_wconf 84' lang='lat' dir='ltr'>est,</span> <span class='ocrx_word' id='word_1_73' title='bbox 781 1110 924 1183; x_wconf 84' lang='lat' dir='ltr'>vsui</span> <span class='ocrx_word' id='word_1_74' title='bbox 948 1126 1010 1183; x_wconf 80' lang='lat' dir='ltr'>et</span> <span class='ocrx_word' id='word_1_75' title='bbox 1064 1135 1199 1183; x_wconf 77' lang='lat' dir='ltr'>cum</span> <span class='ocrx_word' id='word_1_76' title='bbox 1243 1114 1377 1180; x_wconf 75' lang='lat' dir='ltr'>cibo</span> <span class='ocrx_word' id='word_1_77' title='bbox 1425 1110 1513 1181; x_wconf 78' lang='lat' dir='ltr'>ad</span> <span class='ocrx_word' id='word_1_78' title='bbox 1551 1107 1850 1180; x_wconf 65' lang='lat' dir='ltr'>intinss&#39;us</span> <span class='ocrx_word' id='word_1_79' title='bbox 1883 1102 2111 1194; x_wconf 76' lang='lat' dir='ltr'>fuisse,</span> <span class='ocrx_word' id='word_1_80' title='bbox 2188 1134 2394 1206; x_wconf 88' lang='lat' dir='ltr'>quam</span> <span class='ocrx_word' id='word_1_81' title='bbox 2444 1124 2685 1183; x_wconf 75' lang='lat' dir='ltr'>acetum</span> <span class='ocrx_word' id='word_1_82' title='bbox 2727 1112 2977 1209; x_wconf 68' lang='lat' dir='ltr'>malliam</span> <span class='ocrx_word' id='word_1_83' title='bbox 3002 1114 3373 1214; x_wconf 78' lang='lat' dir='ltr'>stylliticum</span> <span class='ocrx_word' id='word_1_84' title='bbox 3419 1144 3530 1218; x_wconf 89' lang='lat' dir='ltr'>ap·</span> 
     </span>
     <span class='ocr_line' id='line_1_8' title="bbox 387 1200 3527 1313; baseline 0.004 -33"><span class='ocrx_word' id='word_1_85' title='bbox 387 1208 704 1308; x_wconf 87' lang='lat' dir='ltr'>pellabat.</span> <span class='ocrx_word' id='word_1_86' title='bbox 806 1216 1143 1308; x_wconf 86' lang='lat' dir='ltr'>Haecque</span> <span class='ocrx_word' id='word_1_87' title='bbox 1172 1236 1256 1282; x_wconf 92' lang='lat' dir='ltr'>eo</span> <span class='ocrx_word' id='word_1_88' title='bbox 1293 1211 1507 1303; x_wconf 71' lang='lat' dir='ltr'>magis</span> <span class='ocrx_word' id='word_1_89' title='bbox 1534 1200 1867 1307; x_wconf 74' lang='lat' dir='ltr'>pr&#39;aestare</span> <span class='ocrx_word' id='word_1_90' title='bbox 1902 1211 2132 1283; x_wconf 84' lang='lat' dir='ltr'>omnia</span> <span class='ocrx_word' id='word_1_91' title='bbox 2157 1206 2549 1282; x_wconf 71' lang='lat' dir='ltr'>salmasium</span> <span class='ocrx_word' id='word_1_92' title='bbox 2594 1206 2907 1305; x_wconf 76' lang='lat' dir='ltr'>decebat,</span> <span class='ocrx_word' id='word_1_93' title='bbox 2971 1215 3154 1313; x_wconf 90' lang='lat' dir='ltr'>quod</span> <span class='ocrx_word' id='word_1_94' title='bbox 3208 1220 3527 1312; x_wconf 84' lang='lat' dir='ltr'>ignorare</span> 
     </span>
    </p>
   </div>
   <div class='ocr_carea' id='block_1_3' title="bbox 166 1296 3745 1416">
    <p class='ocr_par' dir='ltr' id='par_1_3' title="bbox 166 1296 3745 1416">
     <span class='ocr_line' id='line_1_9' title="bbox 166 1296 3745 1416; baseline 0.004 -35"><span class='ocrx_word' id='word_1_95' title='bbox 166 1296 178 1313; x_wconf 58' lang='lat'>&#39;⁵</span> <span class='ocrx_word' id='word_1_96' title='bbox 307 1377 311 1380; x_wconf 13' lang='grc' dir='ltr'><em>Α</em></span> <span class='ocrx_word' id='word_1_97' title='bbox 391 1309 578 1383; x_wconf 80' lang='lat' dir='ltr'>haud</span> <span class='ocrx_word' id='word_1_98' title='bbox 602 1325 898 1409; x_wconf 84' lang='lat' dir='ltr'>poterat,</span> <span class='ocrx_word' id='word_1_99' title='bbox 947 1309 1139 1384; x_wconf 76' lang='lat' dir='ltr'>fuiss&#39;e</span> <span class='ocrx_word' id='word_1_100' title='bbox 1172 1314 1290 1409; x_wconf 92' lang='lat' dir='ltr'>qui</span> <span class='ocrx_word' id='word_1_101' title='bbox 1321 1308 1700 1396; x_wconf 81' lang='lat' dir='ltr'>crederent,</span> <span class='ocrx_word' id='word_1_102' title='bbox 1751 1312 1824 1381; x_wconf 92' lang='lat' dir='ltr'>in</span> <span class='ocrx_word' id='word_1_103' title='bbox 1869 1309 2006 1382; x_wconf 84' lang='lat' dir='ltr'>hoc</span> <span class='ocrx_word' id='word_1_104' title='bbox 2039 1307 2262 1409; x_wconf 86' lang='lat' dir='ltr'>capite</span> <span class='ocrx_word' id='word_1_105' title='bbox 2307 1336 2450 1384; x_wconf 88' lang='lat' dir='ltr'>non</span> <span class='ocrx_word' id='word_1_106' title='bbox 2490 1316 2665 1386; x_wconf 86' lang='lat' dir='ltr'>aceti</span> <span class='ocrx_word' id='word_1_107' title='bbox 2706 1314 3033 1416; x_wconf 69' lang='lat' dir='ltr'>scyllitici,</span> <span class='ocrx_word' id='word_1_108' title='bbox 3074 1317 3191 1390; x_wconf 85' lang='lat' dir='ltr'>sed</span> <span class='ocrx_word' id='word_1_109' title='bbox 3226 1318 3530 1393; x_wconf 86' lang='lat' dir='ltr'>embam·</span> <span class='ocrx_word' id='word_1_110' title='bbox 3712 1385 3745 1397; x_wconf 79' lang='grc'><strong><em>,</em></strong></span> 
     </span>
    </p>
   </div>
   <div class='ocr_carea' id='block_1_4' title="bbox 388 1407 3529 1512">
    <p class='ocr_par' dir='ltr' id='par_1_4' title="bbox 388 1407 3529 1512">
     <span class='ocr_line' id='line_1_10' title="bbox 388 1407 3529 1512; baseline 0.004 -27"><span class='ocrx_word' id='word_1_111' title='bbox 388 1414 586 1485; x_wconf 82' lang='lat' dir='ltr'>matis</span> <span class='ocrx_word' id='word_1_112' title='bbox 616 1411 1026 1487; x_wconf 82' lang='lat' dir='ltr'>conficiendi</span> <span class='ocrx_word' id='word_1_113' title='bbox 1051 1413 1338 1485; x_wconf 87' lang='lat' dir='ltr'>modum</span> <span class='ocrx_word' id='word_1_114' title='bbox 1369 1437 1408 1484; x_wconf 88' lang='lat' dir='ltr'>a</span> <span class='ocrx_word' id='word_1_115' title='bbox 1434 1409 1812 1483; x_wconf 80' lang='lat' dir='ltr'>Columella</span> <span class='ocrx_word' id='word_1_116' title='bbox 1844 1407 1977 1483; x_wconf 84' lang='lat' dir='ltr'>ess&#39;e</span> <span class='ocrx_word' id='word_1_117' title='bbox 2006 1410 2470 1509; x_wconf 66' lang='lat' dir='ltr'>propositum:</span> <span class='ocrx_word' id='word_1_118' title='bbox 2526 1414 2736 1511; x_wconf 88' lang='lat' dir='ltr'>idque</span> <span class='ocrx_word' id='word_1_119' title='bbox 2773 1441 2917 1487; x_wconf 89' lang='lat' dir='ltr'>non</span> <span class='ocrx_word' id='word_1_120' title='bbox 2957 1414 3099 1489; x_wconf 86' lang='lat' dir='ltr'>{ine</span> <span class='ocrx_word' id='word_1_121' title='bbox 3127 1443 3405 1512; x_wconf 87' lang='lat' dir='ltr'>magna,</span> <span class='ocrx_word' id='word_1_122' title='bbox 3451 1439 3529 1496; x_wconf 83' lang='lat' dir='ltr'>vt</span> 
     </span>
    </p>
   </div>
   <div class='ocr_carea' id='block_1_5' title="bbox 392 1511 3665 1620">
    <p class='ocr_par' dir='ltr' id='par_1_5' title="bbox 392 1511 3665 1620">
     <span class='ocr_line' id='line_1_11' title="bbox 392 1511 3665 1620; baseline 0.003 -34"><span class='ocrx_word' id='word_1_123' title='bbox 392 1517 690 1614; x_wconf 64' lang='lat' dir='ltr'>opinor‚j</span> <span class='ocrx_word' id='word_1_124' title='bbox 712 1518 997 1589; x_wconf 80' lang='lat' dir='ltr'>ratione.</span> <span class='ocrx_word' id='word_1_125' title='bbox 1037 1532 1044 1539; x_wconf 84' lang='grc'><em>·</em></span> <span class='ocrx_word' id='word_1_126' title='bbox 1090 1518 1281 1588; x_wconf 86' lang='lat' dir='ltr'>Nam</span> <span class='ocrx_word' id='word_1_127' title='bbox 1317 1511 1486 1586; x_wconf 86' lang='lat' dir='ltr'>illud</span> <span class='ocrx_word' id='word_1_128' title='bbox 1516 1529 1870 1610; x_wconf 84' lang='lat' dir='ltr'>praeterea</span> <span class='ocrx_word' id='word_1_129' title='bbox 1909 1512 2408 1602; x_wconf 78' lang='lat' dir='ltr'>animaduerto,</span> <span class='ocrx_word' id='word_1_130' title='bbox 2453 1531 2849 1595; x_wconf 85' lang='lat' dir='ltr'>extremam.</span> <span class='ocrx_word' id='word_1_131' title='bbox 2876 1521 3111 1614; x_wconf 88' lang='lat' dir='ltr'>capitis</span> <span class='ocrx_word' id='word_1_132' title='bbox 3162 1521 3525 1620; x_wconf 84' lang='lat' dir='ltr'>superioris</span> <span class='ocrx_word' id='word_1_133' title='bbox 3660 1562 3665 1569; x_wconf 90' lang='lat'><strong>·</strong></span> 
     </span>
    </p>
   </div>
   <div class='ocr_carea' id='block_1_6' title="bbox 203 1609 3585 3231">
    <p class='ocr_par' dir='ltr' id='par_1_6' title="bbox 389 1609 3575 2221">
     <span class='ocr_line' id='line_1_12' title="bbox 389 1609 3529 1714; baseline 0.003 -27"><span class='ocrx_word' id='word_1_134' title='bbox 389 1614 790 1714; x_wconf 80' lang='lat' dir='ltr'>particulam</span> <span class='ocrx_word' id='word_1_135' title='bbox 815 1617 926 1689; x_wconf 84' lang='lat' dir='ltr'>vel</span> <span class='ocrx_word' id='word_1_136' title='bbox 954 1614 1325 1689; x_wconf 85' lang='lat' dir='ltr'>secundum</span> <span class='ocrx_word' id='word_1_137' title='bbox 1356 1614 1701 1706; x_wconf 76' lang='lat' dir='ltr'>vulgatam</span> <span class='ocrx_word' id='word_1_138' title='bbox 1731 1609 2118 1702; x_wconf 76' lang='lat' dir='ltr'>lefflonem,</span> <span class='ocrx_word' id='word_1_139' title='bbox 2170 1616 2280 1688; x_wconf 83' lang='lat' dir='ltr'>vel</span> <span class='ocrx_word' id='word_1_140' title='bbox 2311 1619 2519 1689; x_wconf 84' lang='lat' dir='ltr'>etiarn</span> <span class='ocrx_word' id='word_1_141' title='bbox 2557 1616 2932 1690; x_wconf 85' lang='lat' dir='ltr'>secundum</span> <span class='ocrx_word' id='word_1_142' title='bbox 2962 1619 3256 1692; x_wconf 82' lang='lat' dir='ltr'>Salmafii</span> <span class='ocrx_word' id='word_1_143' title='bbox 3296 1647 3529 1697; x_wconf 80' lang='lat' dir='ltr'>emen-</span> 
     </span>
     <span class='ocr_line' id='line_1_13' title="bbox 392 1715 3531 1814; baseline 0.002 -23"><span class='ocrx_word' id='word_1_144' title='bbox 392 1716 760 1805; x_wconf 78' lang='lat' dir='ltr'>dationem,</span> <span class='ocrx_word' id='word_1_145' title='bbox 809 1742 970 1790; x_wconf 83' lang='lat' dir='ltr'>cum</span> <span class='ocrx_word' id='word_1_146' title='bbox 1004 1721 1283 1790; x_wconf 77' lang='lat' dir='ltr'>caeteris</span> <span class='ocrx_word' id='word_1_147' title='bbox 1311 1740 1483 1814; x_wconf 86' lang='lat' dir='ltr'>quae</span> <span class='ocrx_word' id='word_1_148' title='bbox 1512 1715 1759 1787; x_wconf 87' lang='lat' dir='ltr'>eodem</span> <span class='ocrx_word' id='word_1_149' title='bbox 1785 1719 2007 1813; x_wconf 81' lang='lat' dir='ltr'>capite</span> <span class='ocrx_word' id='word_1_150' title='bbox 2038 1717 2430 1803; x_wconf 81' lang='lat' dir='ltr'>traduntur,</span> <span class='ocrx_word' id='word_1_151' title='bbox 2480 1742 2624 1791; x_wconf 91' lang='lat' dir='ltr'>non</span> <span class='ocrx_word' id='word_1_152' title='bbox 2667 1741 3069 1811; x_wconf 77' lang='lat' dir='ltr'>congruere.</span> <span class='ocrx_word' id='word_1_153' title='bbox 3209 1726 3531 1797; x_wconf 70' lang='lat' dir='ltr'>Rationes</span> 
     </span>
     <span class='ocr_line' id='line_1_14' title="bbox 396 1815 3532 1921; baseline 0.003 -30"><span class='ocrx_word' id='word_1_154' title='bbox 396 1821 584 1891; x_wconf 88' lang='lat' dir='ltr'>enim</span> <span class='ocrx_word' id='word_1_155' title='bbox 614 1823 922 1918; x_wconf 87' lang='lat' dir='ltr'>primum</span> <span class='ocrx_word' id='word_1_156' title='bbox 949 1819 1312 1915; x_wconf 75' lang='lat' dir='ltr'>traduntur</span> <span class='ocrx_word' id='word_1_157' title='bbox 1354 1817 1526 1891; x_wconf 84' lang='lat' dir='ltr'>duae</span> <span class='ocrx_word' id='word_1_158' title='bbox 1570 1821 1710 1889; x_wconf 86' lang='lat' dir='ltr'>vini</span> <span class='ocrx_word' id='word_1_159' title='bbox 1736 1818 2014 1915; x_wconf 56' lang='lat' dir='ltr'>‚scyllitis</span> <span class='ocrx_word' id='word_1_160' title='bbox 2057 1817 2461 1891; x_wconf 89' lang='lat' dir='ltr'>conficiendi</span> <span class='ocrx_word' id='word_1_161' title='bbox 2493 1815 2614 1917; x_wconf 87' lang='lat' dir='ltr'>[id</span> <span class='ocrx_word' id='word_1_162' title='bbox 2643 1819 2832 1918; x_wconf 89' lang='lat' dir='ltr'>quod</span> <span class='ocrx_word' id='word_1_163' title='bbox 2869 1822 3012 1892; x_wconf 83' lang='lat' dir='ltr'>eius</span> <span class='ocrx_word' id='word_1_164' title='bbox 3044 1823 3282 1921; x_wconf 83' lang='lat' dir='ltr'>capitis</span> <span class='ocrx_word' id='word_1_165' title='bbox 3306 1825 3532 1899; x_wconf 86' lang='lat' dir='ltr'>inscri-</span> 
     </span>
     <span class='ocr_line' id='line_1_15' title="bbox 391 1918 3523 2024; baseline 0.002 -32"><span class='ocrx_word' id='word_1_166' title='bbox 391 1924 542 2017; x_wconf 87' lang='lat' dir='ltr'>ptio</span> <span class='ocrx_word' id='word_1_167' title='bbox 574 1918 903 2018; x_wconf 82' lang='lat' dir='ltr'>postulat:</span> <span class='ocrx_word' id='word_1_168' title='bbox 969 1920 1210 1998; x_wconf 78' lang='lat' dir='ltr'>Vinum</span> <span class='ocrx_word' id='word_1_169' title='bbox 1246 1919 1602 2019; x_wconf 63' lang='lat' dir='ltr'>scyllitqn]</span> <span class='ocrx_word' id='word_1_170' title='bbox 1646 1918 1850 2016; x_wconf 82' lang='lat' dir='ltr'><strong>scylla</strong></span> <span class='ocrx_word' id='word_1_171' title='bbox 1891 1919 2208 1993; x_wconf 86' lang='lat' dir='ltr'>videlicet</span> <span class='ocrx_word' id='word_1_172' title='bbox 2248 1935 2369 1995; x_wconf 87' lang='lat' dir='ltr'>aut</span> <span class='ocrx_word' id='word_1_173' title='bbox 2404 1924 2679 1993; x_wconf 89' lang='lat' dir='ltr'>minore</span> <span class='ocrx_word' id='word_1_174' title='bbox 2701 1977 2720 2009; x_wconf 93' lang='lat'>,</span> <span class='ocrx_word' id='word_1_175' title='bbox 2772 1937 2892 1993; x_wconf 83' lang='lat' dir='ltr'>aut</span> <span class='ocrx_word' id='word_1_176' title='bbox 2931 1926 3187 1996; x_wconf 89' lang='lat' dir='ltr'>maiore</span> <span class='ocrx_word' id='word_1_177' title='bbox 3211 1924 3523 2024; x_wconf 90' lang='lat' dir='ltr'>pondere</span> 
     </span>
     <span class='ocr_line' id='line_1_16' title="bbox 391 2017 3575 2122; baseline 0.002 -28"><span class='ocrx_word' id='word_1_178' title='bbox 391 2025 468 2094; x_wconf 80' lang='lat' dir='ltr'>in</span> <span class='ocrx_word' id='word_1_179' title='bbox 494 2020 794 2095; x_wconf 85' lang='lat' dir='ltr'>mustum</span> <span class='ocrx_word' id='word_1_180' title='bbox 821 2017 1110 2097; x_wconf 69' lang='lat' dir='ltr'>adieaa:</span> <span class='ocrx_word' id='word_1_181' title='bbox 1165 2025 1284 2122; x_wconf 87' lang='lat' dir='ltr'>qui</span> <span class='ocrx_word' id='word_1_182' title='bbox 1311 2046 1478 2113; x_wconf 88' lang='lat' dir='ltr'>ergo</span> <span class='ocrx_word' id='word_1_183' title='bbox 1511 2023 1844 2093; x_wconf 87' lang='lat' dir='ltr'>conuenit</span> <span class='ocrx_word' id='word_1_184' title='bbox 1885 2019 2062 2119; x_wconf 74' lang='lat' dir='ltr'>quasi</span> <span class='ocrx_word' id='word_1_185' title='bbox 2108 2024 2379 2095; x_wconf 79' lang='lat' dir='ltr'>tertiam</span> <span class='ocrx_word' id='word_1_186' title='bbox 2420 2022 2759 2120; x_wconf 87' lang='lat' dir='ltr'>quandam</span> <span class='ocrx_word' id='word_1_187' title='bbox 2802 2025 3157 2112; x_wconf 85' lang='lat' dir='ltr'>rationem,</span> <span class='ocrx_word' id='word_1_188' title='bbox 3212 2052 3364 2099; x_wconf 82' lang='lat' dir='ltr'>eam</span> <span class='ocrx_word' id='word_1_189' title='bbox 3415 2053 3526 2099; x_wconf 81' lang='lat' dir='ltr'>ex·</span> <span class='ocrx_word' id='word_1_190' title='bbox 3566 2060 3575 2067; x_wconf 80' lang='grc'><strong>-</strong></span> 
     </span>
     <span class='ocr_line' id='line_1_17' title="bbox 393 2119 3527 2221; baseline 0.002 -24"><span class='ocrx_word' id='word_1_191' title='bbox 393 2139 621 2197; x_wconf 83' lang='lat' dir='ltr'>tremo</span> <span class='ocrx_word' id='word_1_192' title='bbox 651 2125 812 2196; x_wconf 91' lang='lat' dir='ltr'>loco</span> <span class='ocrx_word' id='word_1_193' title='bbox 841 2122 1186 2211; x_wconf 73' lang='lat' dir='ltr'>fiibiicere,</span> <span class='ocrx_word' id='word_1_194' title='bbox 1238 2149 1444 2221; x_wconf 83' lang='lat' dir='ltr'>quam</span> <span class='ocrx_word' id='word_1_195' title='bbox 1472 2119 1520 2193; x_wconf 85' lang='lat' dir='ltr'>fi</span> <span class='ocrx_word' id='word_1_196' title='bbox 1539 2124 1858 2220; x_wconf 63' lang='lat' dir='ltr'>sequane,</span> <span class='ocrx_word' id='word_1_197' title='bbox 1903 2122 2112 2220; x_wconf 82' lang='lat' dir='ltr'><strong>scylla</strong></span> <span class='ocrx_word' id='word_1_198' title='bbox 2138 2125 2381 2197; x_wconf 87' lang='lat' dir='ltr'>nonin</span> <span class='ocrx_word' id='word_1_199' title='bbox 2408 2121 2730 2213; x_wconf 87' lang='lat' dir='ltr'>mustum,</span> <span class='ocrx_word' id='word_1_200' title='bbox 2783 2124 2898 2199; x_wconf 89' lang='lat' dir='ltr'>sed</span> <span class='ocrx_word' id='word_1_201' title='bbox 2948 2128 3021 2199; x_wconf 91' lang='lat' dir='ltr'>in</span> <span class='ocrx_word' id='word_1_202' title='bbox 3063 2141 3337 2200; x_wconf 83' lang='lat' dir='ltr'>acetum</span> <span class='ocrx_word' id='word_1_203' title='bbox 3364 2153 3527 2203; x_wconf 88' lang='lat' dir='ltr'>con·</span> 
     </span>
    </p>

    <p class='ocr_par' dir='ltr' id='par_1_7' title="bbox 203 2221 3585 3039">
     <span class='ocr_line' id='line_1_18' title="bbox 392 2221 2340 2315; baseline -0.004 -17"><span class='ocrx_word' id='word_1_204' title='bbox 392 2221 582 2315; x_wconf 63' lang='lat' dir='ltr'>icae,</span> <span class='ocrx_word' id='word_1_205' title='bbox 634 2252 780 2298; x_wconf 86' lang='lat' dir='ltr'>non</span> <span class='ocrx_word' id='word_1_206' title='bbox 807 2229 1046 2301; x_wconf 64' lang='lat' dir='ltr'>uinum</span> <span class='ocrx_word' id='word_1_207' title='bbox 1065 2224 1410 2311; x_wconf 79' lang='lat' dir='ltr'>conficias,</span> <span class='ocrx_word' id='word_1_208' title='bbox 1461 2225 1575 2296; x_wconf 89' lang='lat' dir='ltr'>sed</span> <span class='ocrx_word' id='word_1_209' title='bbox 1605 2227 1926 2297; x_wconf 86' lang='lat' dir='ltr'>acetum?</span> <span class='ocrx_word' id='word_1_210' title='bbox 2159 2276 2170 2285; x_wconf 84' lang='lat'><strong>.</strong></span> <span class='ocrx_word' id='word_1_211' title='bbox 2337 2252 2340 2253; x_wconf 40' lang='lat'><em>⁷</em></span> 
     </span>
     <span class='ocr_line' id='line_1_19' title="bbox 567 2300 3534 2423; baseline 0.002 -25"><span class='ocrx_word' id='word_1_212' title='bbox 567 2330 819 2422; x_wconf 76' lang='lat' dir='ltr'>,Igitur</span> <span class='ocrx_word' id='word_1_213' title='bbox 861 2328 1074 2422; x_wconf 86' lang='lat' dir='ltr'>longe</span> <span class='ocrx_word' id='word_1_214' title='bbox 1099 2300 1442 2423; x_wconf 60' lang='lat' dir='ltr'>elia-&#39;opus</span> <span class='ocrx_word' id='word_1_215' title='bbox 1472 2325 1567 2397; x_wconf 89' lang='lat' dir='ltr'>est</span> <span class='ocrx_word' id='word_1_216' title='bbox 1597 2323 2097 2412; x_wconf 83' lang='lat' dir='ltr'>emendatione,</span> <span class='ocrx_word' id='word_1_217' title='bbox 2125 2346 2284 2423; x_wconf 85' lang='lat' dir='ltr'>·qua</span> <span class='ocrx_word' id='word_1_218' title='bbox 2323 2322 2652 2413; x_wconf 86' lang='lat' dir='ltr'>adhibita,</span> <span class='ocrx_word' id='word_1_219' title='bbox 2709 2329 2941 2399; x_wconf 89' lang='lat' dir='ltr'>omnia</span> <span class='ocrx_word' id='word_1_220' title='bbox 2972 2343 3384 2421; x_wconf 87' lang='lat' dir='ltr'>congruant,</span> <span class='ocrx_word' id='word_1_221' title='bbox 3432 2332 3534 2403; x_wconf 87' lang='lat' dir='ltr'>ni·</span> 
     </span>
     <span class='ocr_line' id='line_1_20' title="bbox 391 2425 3585 2528; baseline 0.001 -25"><span class='ocrx_word' id='word_1_222' title='bbox 391 2429 631 2528; x_wconf 87' lang='lat' dir='ltr'>hilque</span> <span class='ocrx_word' id='word_1_223' title='bbox 667 2427 951 2528; x_wconf 78' lang='lat' dir='ltr'>supersit</span> <span class='ocrx_word' id='word_1_224' title='bbox 977 2428 1166 2527; x_wconf 89' lang='lat' dir='ltr'>quod</span> <span class='ocrx_word' id='word_1_225' title='bbox 1193 2425 1481 2500; x_wconf 82' lang='lat' dir='ltr'>obiicias.</span> <span class='ocrx_word' id='word_1_226' title='bbox 1578 2428 1880 2499; x_wconf 90' lang='lat' dir='ltr'>Primum</span> <span class='ocrx_word' id='word_1_227' title='bbox 1909 2428 2255 2514; x_wconf 87' lang='lat' dir='ltr'>omnium,</span> <span class='ocrx_word' id='word_1_228' title='bbox 2303 2427 2632 2525; x_wconf 82' lang='lat' dir='ltr'>superiori</span> <span class='ocrx_word' id='word_1_229' title='bbox 2657 2430 3037 2528; x_wconf 62' lang='lat' dir='ltr'>capitinon</span> <span class='ocrx_word' id='word_1_230' title='bbox 3064 2431 3424 2528; x_wconf 86' lang='lat' dir='ltr'>peculiare,</span> <span class='ocrx_word' id='word_1_231' title='bbox 3451 2445 3531 2505; x_wconf 84' lang='lat' dir='ltr'>vt</span> <span class='ocrx_word' id='word_1_232' title='bbox 3580 2454 3585 2463; x_wconf 84' lang='grc'>’</span> 
     </span>
     <span class='ocr_line' id='line_1_21' title="bbox 289 2526 3532 2629; baseline -0.001 -22"><span class='ocrx_word' id='word_1_233' title='bbox 289 2595 306 2610; x_wconf 84' lang='grc'>,</span> <span class='ocrx_word' id='word_1_234' title='bbox 393 2556 592 2607; x_wconf 84' lang='lat' dir='ltr'>nunc</span> <span class='ocrx_word' id='word_1_235' title='bbox 624 2528 736 2618; x_wconf 88' lang='lat' dir='ltr'>est,</span> <span class='ocrx_word' id='word_1_236' title='bbox 779 2529 894 2605; x_wconf 89' lang='lat' dir='ltr'>sed</span> <span class='ocrx_word' id='word_1_237' title='bbox 923 2554 1297 2606; x_wconf 78' lang='lat' dir='ltr'>commune</span> <span class='ocrx_word' id='word_1_238' title='bbox 1337 2531 1477 2607; x_wconf 87' lang='lat' dir='ltr'>hoc</span> <span class='ocrx_word' id='word_1_239' title='bbox 1531 2542 2018 2623; x_wconf 81' lang='lat' dir='ltr'>argumentum</span> <span class='ocrx_word' id='word_1_240' title='bbox 2061 2530 2303 2610; x_wconf 80' lang='lat' dir='ltr'>censeo</span> <span class='ocrx_word' id='word_1_241' title='bbox 2346 2526 2704 2627; x_wconf 81' lang='lat' dir='ltr'>praescribi</span> <span class='ocrx_word' id='word_1_242' title='bbox 2765 2546 3121 2628; x_wconf 85' lang='lat' dir='ltr'>oportere:</span> <span class='ocrx_word' id='word_1_243' title='bbox 3175 2532 3532 2629; x_wconf 89' lang='lat' dir='ltr'>quomodo</span> 
     </span>
     <span class='ocr_line' id='line_1_22' title="bbox 394 2627 3528 2730; baseline -0 -23"><span class='ocrx_word' id='word_1_244' title='bbox 394 2632 668 2707; x_wconf 78' lang='lat' dir='ltr'>condias</span> <span class='ocrx_word' id='word_1_245' title='bbox 683 2633 960 2720; x_wconf 69' lang='lat' dir='ltr'>Vinum,</span> <span class='ocrx_word' id='word_1_246' title='bbox 1009 2648 1069 2704; x_wconf 73' lang='lat' dir='ltr'>ee</span> <span class='ocrx_word' id='word_1_247' title='bbox 1103 2633 1378 2705; x_wconf 85' lang='lat' dir='ltr'>-Acetum</span> <span class='ocrx_word' id='word_1_248' title='bbox 1406 2634 1713 2727; x_wconf 79' lang='lat' dir='ltr'>Scylliten.</span> <span class='ocrx_word' id='word_1_249' title='bbox 1812 2627 2099 2717; x_wconf 89' lang='lat' dir='ltr'>Deinde,</span> <span class='ocrx_word' id='word_1_250' title='bbox 2129 2633 2375 2703; x_wconf 84' lang='lat' dir='ltr'>Latino</span> <span class='ocrx_word' id='word_1_251' title='bbox 2421 2632 2711 2717; x_wconf 85' lang='lat' dir='ltr'>Latini0,</span> <span class='ocrx_word' id='word_1_252' title='bbox 2760 2646 2833 2702; x_wconf 90' lang='lat' dir='ltr'>et</span> <span class='ocrx_word' id='word_1_253' title='bbox 2872 2635 3313 2730; x_wconf 89' lang='lat' dir='ltr'>Hieronymo</span> <span class='ocrx_word' id='word_1_254' title='bbox 3338 2638 3528 2706; x_wconf 88' lang='lat' dir='ltr'>Mer·</span> 
     </span>
     <span class='ocr_line' id='line_1_23' title="bbox 389 2728 3527 2833; baseline -0.001 -25"><span class='ocrx_word' id='word_1_255' title='bbox 389 2735 644 2808; x_wconf 81' lang='lat' dir='ltr'>curiale</span> <span class='ocrx_word' id='word_1_256' title='bbox 671 2734 827 2823; x_wconf 89' lang='lat' dir='ltr'>[loc.</span> <span class='ocrx_word' id='word_1_257' title='bbox 842 2732 985 2833; x_wconf 76' lang='lat' dir='ltr'>cit]</span> <span class='ocrx_word' id='word_1_258' title='bbox 1014 2728 1420 2814; x_wconf 69' lang='lat' dir='ltr'>austoribus,</span> <span class='ocrx_word' id='word_1_259' title='bbox 1469 2746 1771 2801; x_wconf 80' lang='lat' dir='ltr'>extrema</span> <span class='ocrx_word' id='word_1_260' title='bbox 1798 2728 2107 2801; x_wconf 81' lang='lat' dir='ltr'>eiusdem</span> <span class='ocrx_word' id='word_1_261' title='bbox 2145 2733 2384 2827; x_wconf 83' lang='lat' dir='ltr'>capitis</span> <span class='ocrx_word' id='word_1_262' title='bbox 2414 2729 2650 2817; x_wconf 82' lang='lat' dir='ltr'>verba,</span> <span class='ocrx_word' id='word_1_263' title='bbox 2701 2734 2921 2829; x_wconf 82' lang='lat' dir='ltr'>prima</span> <span class='ocrx_word' id='word_1_264' title='bbox 2958 2749 3190 2806; x_wconf 89' lang='lat' dir='ltr'>autem</span> <span class='ocrx_word' id='word_1_265' title='bbox 3238 2736 3383 2806; x_wconf 87' lang='lat' dir='ltr'>eius</span> <span class='ocrx_word' id='word_1_266' title='bbox 3439 2733 3527 2806; x_wconf 90' lang='lat' dir='ltr'>de</span> 
     </span>
     <span class='ocr_line' id='line_1_24' title="bbox 203 2816 3533 2937; baseline -0 -28"><span class='ocrx_word' id='word_1_267' title='bbox 203 2816 268 2887; x_wconf 50' lang='lat' dir='ltr'><strong>ff</strong></span> <span class='ocrx_word' id='word_1_268' title='bbox 395 2863 533 2937; x_wconf 85' lang='lat' dir='ltr'>quo</span> <span class='ocrx_word' id='word_1_269' title='bbox 559 2840 842 2931; x_wconf 71' lang='lat' dir='ltr'>agimus,</span> <span class='ocrx_word' id='word_1_270' title='bbox 885 2836 1071 2913; x_wconf 82' lang='lat' dir='ltr'>hunc</span> <span class='ocrx_word' id='word_1_271' title='bbox 1097 2837 1170 2906; x_wconf 93' lang='lat' dir='ltr'>in</span> <span class='ocrx_word' id='word_1_272' title='bbox 1193 2832 1483 2907; x_wconf 86' lang='lat' dir='ltr'>modum</span> <span class='ocrx_word' id='word_1_273' title='bbox 1510 2828 1981 2922; x_wconf 81' lang='lat' dir='ltr'>distinguenda</span> <span class='ocrx_word' id='word_1_274' title='bbox 2016 2827 2168 2917; x_wconf 80' lang='lat' dir='ltr'>ess&#39;e,</span> <span class='ocrx_word' id='word_1_275' title='bbox 2220 2843 2442 2927; x_wconf 87' lang='lat' dir='ltr'>atque.</span> <span class='ocrx_word' id='word_1_276' title='bbox 2469 2830 2926 2914; x_wconf 69' lang='lat' dir='ltr'>emendanda:</span> <span class='ocrx_word' id='word_1_277' title='bbox 2976 2837 3127 2907; x_wconf 71' lang='lat' dir='ltr'>Alia·</span> <span class='ocrx_word' id='word_1_278' title='bbox 3177 2834 3290 2913; x_wconf 71' lang='lat' dir='ltr'>boc</span> <span class='ocrx_word' id='word_1_279' title='bbox 3328 2834 3533 2930; x_wconf 70' lang='lat' dir='ltr'>ipfim</span> 
     </span>
     <span class='ocr_line' id='line_1_25' title="bbox 371 2929 3530 3039; baseline -0.001 -27"><span class='ocrx_word' id='word_1_280' title='bbox 371 2940 607 3039; x_wconf 74' lang='lat' dir='ltr'>fiyllaae</span> <span class='ocrx_word' id='word_1_281' title='bbox 623 2948 630 2971; x_wconf 78' lang='lat'>⁷</span> <span class='ocrx_word' id='word_1_282' title='bbox 644 2945 909 3035; x_wconf 75' lang='lat' dir='ltr'>pondus,</span> <span class='ocrx_word' id='word_1_283' title='bbox 953 2942 1118 3037; x_wconf 76' lang='lat' dir='ltr'>quod</span> <span class='ocrx_word' id='word_1_284' title='bbox 1135 2933 1336 3030; x_wconf 65' lang='lat' dir='ltr'>stupra</span> <span class='ocrx_word' id='word_1_285' title='bbox 1361 2937 1532 3021; x_wconf 79' lang='lat' dir='ltr'>dixi,</span> <span class='ocrx_word' id='word_1_286' title='bbox 1579 2938 1643 3004; x_wconf 78' lang='lat' dir='ltr'>in</span> <span class='ocrx_word' id='word_1_287' title='bbox 1674 2929 1839 3003; x_wconf 82' lang='lat' dir='ltr'>aceti</span> <span class='ocrx_word' id='word_1_288' title='bbox 1859 2937 2016 3003; x_wconf 79' lang='lat' dir='ltr'>duas</span> <span class='ocrx_word' id='word_1_289' title='bbox 2040 2956 2237 3013; x_wconf 76' lang='lat' dir='ltr'>vrnas,</span> <span class='ocrx_word' id='word_1_290' title='bbox 2251 2934 2593 3033; x_wconf 62' lang='lat' dir='ltr'>adiiciant,</span> <span class='ocrx_word' id='word_1_291' title='bbox 2640 2949 2707 3006; x_wconf 82' lang='lat' dir='ltr'>et</span> <span class='ocrx_word' id='word_1_292' title='bbox 2722 2957 2846 3029; x_wconf 82' lang='lat' dir='ltr'>per</span> <span class='ocrx_word' id='word_1_293' title='bbox 2876 2935 3017 3011; x_wconf 85' lang='lat' dir='ltr'>XL</span> <span class='ocrx_word' id='word_1_294' title='bbox 3044 2938 3174 3011; x_wconf 72' lang='lat' dir='ltr'>dies</span> <span class='ocrx_word' id='word_1_295' title='bbox 3190 2935 3384 3034; x_wconf 69' lang='lat' dir='ltr'>ineffl</span> <span class='ocrx_word' id='word_1_296' title='bbox 3403 2963 3530 3032; x_wconf 78' lang='lat' dir='ltr'>pa·</span> 
     </span>
    </p>

    <p class='ocr_par' dir='ltr' id='par_1_8' title="bbox 313 3032 1995 3137">
     <span class='ocr_line' id='line_1_26' title="bbox 313 3032 1995 3137; baseline -0.009 -19"><span class='ocrx_word' id='word_1_297' title='bbox 313 3128 324 3133; x_wconf 41' lang='grc'><strong>,</strong></span> <span class='ocrx_word' id='word_1_298' title='bbox 385 3047 659 3128; x_wconf 61' lang='lat' dir='ltr'>riantur,</span> <span class='ocrx_word' id='word_1_299' title='bbox 688 3046 793 3137; x_wconf 79' lang='lat' dir='ltr'>qui</span> <span class='ocrx_word' id='word_1_300' title='bbox 815 3032 1183 3136; x_wconf 74' lang='lat' dir='ltr'>stylli&#39;ticum</span> <span class='ocrx_word' id='word_1_301' title='bbox 1227 3049 1468 3107; x_wconf 75' lang='lat' dir='ltr'>acetum</span> <span class='ocrx_word' id='word_1_302' title='bbox 1492 3032 1712 3125; x_wconf 63' lang='lat' dir='ltr'>sincere</span> <span class='ocrx_word' id='word_1_303' title='bbox 1755 3032 1995 3106; x_wconf 75' lang='lat' dir='ltr'>volunt.</span> 
     </span>
    </p>

    <p class='ocr_par' dir='ltr' id='par_1_9' title="bbox 600 3132 3536 3231">
     <span class='ocr_line' id='line_1_27' title="bbox 600 3132 3536 3231; baseline -0.001 -18"><span class='ocrx_word' id='word_1_304' title='bbox 600 3146 712 3213; x_wconf 89' lang='lat' dir='ltr'>De</span> <span class='ocrx_word' id='word_1_305' title='bbox 766 3138 1240 3213; x_wconf 82' lang='lat' dir='ltr'>Embammate</span> <span class='ocrx_word' id='word_1_306' title='bbox 1297 3139 1464 3231; x_wconf 84' lang='lat' dir='ltr'>Cap.</span> <span class='ocrx_word' id='word_1_307' title='bbox 1513 3138 1711 3208; x_wconf 86' lang='lat' dir='ltr'>XXX</span> <span class='ocrx_word' id='word_1_308' title='bbox 1729 3138 1857 3207; x_wconf 91' lang='lat' dir='ltr'>IV.</span> <span class='ocrx_word' id='word_1_309' title='bbox 2000 3134 2081 3203; x_wconf 81' lang='lat' dir='ltr'>In</span> <span class='ocrx_word' id='word_1_310' title='bbox 2131 3144 2264 3205; x_wconf 80' lang='lat' dir='ltr'>tres</span> <span class='ocrx_word' id='word_1_311' title='bbox 2305 3132 2645 3226; x_wconf 72' lang='lat' dir='ltr'>amphoras</span> <span class='ocrx_word' id='word_1_312' title='bbox 2696 3133 2874 3231; x_wconf 73' lang='lat' dir='ltr'>mzfii</span> <span class='ocrx_word' id='word_1_313' title='bbox 2920 3139 3120 3208; x_wconf 75' lang='lat' dir='ltr'>mittis</span> <span class='ocrx_word' id='word_1_314' title='bbox 3163 3142 3324 3211; x_wconf 76' lang='lat' dir='ltr'>aceti</span> <span class='ocrx_word' id='word_1_315' title='bbox 3366 3142 3536 3211; x_wconf 72' lang='lat' dir='ltr'>acris</span> 
     </span>
    </p>
   </div>
   <div class='ocr_carea' id='block_1_7' title="bbox 231 3220 3531 3340">
    <p class='ocr_par' dir='ltr' id='par_1_10' title="bbox 231 3220 3531 3340">
     <span class='ocr_line' id='line_1_28' title="bbox 231 3220 3531 3340; baseline -0.003 -23"><span class='ocrx_word' id='word_1_316' title='bbox 231 3220 240 3227; x_wconf 42' lang='grc'><em>“</em></span> <span class='ocrx_word' id='word_1_317' title='bbox 387 3248 704 3340; x_wconf 76' lang='lat' dir='ltr'>congium,</span> <span class='ocrx_word' id='word_1_318' title='bbox 741 3257 859 3314; x_wconf 82' lang='lat' dir='ltr'>aut</span> <span class='ocrx_word' id='word_1_319' title='bbox 883 3241 1147 3330; x_wconf 74' lang='lat' dir='ltr'>duplum,</span> <span class='ocrx_word' id='word_1_320' title='bbox 1173 3237 1236 3329; x_wconf 77' lang='grc' dir='ltr'><em>β</em></span> <span class='ocrx_word' id='word_1_321' title='bbox 1265 3261 1382 3306; x_wconf 82' lang='lat' dir='ltr'>non</span> <span class='ocrx_word' id='word_1_322' title='bbox 1401 3233 1478 3329; x_wconf 83' lang='lat' dir='ltr'>est</span> <span class='ocrx_word' id='word_1_323' title='bbox 1505 3260 1664 3323; x_wconf 81' lang='lat' dir='ltr'>acre,</span> <span class='ocrx_word' id='word_1_324' title='bbox 1694 3256 1759 3309; x_wconf 79' lang='lat' dir='ltr'>et</span> <span class='ocrx_word' id='word_1_325' title='bbox 1789 3240 1855 3307; x_wconf 83' lang='lat' dir='ltr'>in</span> <span class='ocrx_word' id='word_1_326' title='bbox 1887 3233 2074 3306; x_wconf 81' lang='lat' dir='ltr'>onam</span> <span class='ocrx_word' id='word_1_327' title='bbox 2103 3259 2264 3330; x_wconf 80' lang='lat' dir='ltr'>quae</span> <span class='ocrx_word' id='word_1_328' title='bbox 2296 3248 2423 3305; x_wconf 87' lang='lat' dir='ltr'>etc.</span> <span class='ocrx_word' id='word_1_329' title='bbox 2522 3232 2732 3305; x_wconf 86' lang='lat' dir='ltr'>Vides</span> <span class='ocrx_word' id='word_1_330' title='bbox 2771 3260 2977 3332; x_wconf 90' lang='lat' dir='ltr'>quam</span> <span class='ocrx_word' id='word_1_331' title='bbox 3008 3235 3187 3309; x_wconf 83' lang='lat' dir='ltr'>facili</span> <span class='ocrx_word' id='word_1_332' title='bbox 3217 3238 3531 3311; x_wconf 86' lang='lat' dir='ltr'>emenda-</span> 
     </span>
    </p>
   </div>
   <div class='ocr_carea' id='block_1_8' title="bbox 391 3334 3661 3438">
    <p class='ocr_par' dir='ltr' id='par_1_11' title="bbox 391 3334 3661 3438">
     <span class='ocr_line' id='line_1_29' title="bbox 391 3334 3661 3438; baseline -0.001 -23"><span class='ocrx_word' id='word_1_333' title='bbox 391 3349 594 3416; x_wconf 80' lang='lat' dir='ltr'>tione</span> <span class='ocrx_word' id='word_1_334' title='bbox 623 3343 858 3413; x_wconf 84' lang='lat' dir='ltr'>omnia</span> <span class='ocrx_word' id='word_1_335' title='bbox 878 3339 1303 3438; x_wconf 74' lang='lat' dir='ltr'>explicataet</span> <span class='ocrx_word' id='word_1_336' title='bbox 1330 3335 1529 3433; x_wconf 86' lang='lat' dir='ltr'>plana</span> <span class='ocrx_word' id='word_1_337' title='bbox 1555 3334 1739 3422; x_wconf 86' lang='lat' dir='ltr'>finat,</span> <span class='ocrx_word' id='word_1_338' title='bbox 1783 3334 2147 3432; x_wconf 82' lang='lat' dir='ltr'>habitaque</span> <span class='ocrx_word' id='word_1_339' title='bbox 2175 3334 2400 3406; x_wconf 88' lang='lat' dir='ltr'>multo</span> <span class='ocrx_word' id='word_1_340' title='bbox 2444 3336 2650 3407; x_wconf 87' lang='lat' dir='ltr'>etiam</span> <span class='ocrx_word' id='word_1_341' title='bbox 2680 3340 2939 3409; x_wconf 88' lang='lat' dir='ltr'>maiore</span> <span class='ocrx_word' id='word_1_342' title='bbox 2982 3362 3187 3435; x_wconf 77' lang='lat' dir='ltr'>quam</span> <span class='ocrx_word' id='word_1_343' title='bbox 3214 3365 3252 3410; x_wconf 90' lang='lat' dir='ltr'>a</span> <span class='ocrx_word' id='word_1_344' title='bbox 3277 3340 3525 3413; x_wconf 83' lang='lat' dir='ltr'>Salma·</span> <span class='ocrx_word' id='word_1_345' title='bbox 3654 3362 3661 3371; x_wconf 90' lang='lat'>·</span> 
     </span>
    </p>
   </div>
   <div class='ocr_carea' id='block_1_9' title="bbox 279 3434 3657 5267">
    <p class='ocr_par' dir='ltr' id='par_1_12' title="bbox 392 3434 3532 3635">
     <span class='ocr_line' id='line_1_30' title="bbox 392 3434 3532 3538; baseline -0.001 -23"><span class='ocrx_word' id='word_1_346' title='bbox 392 3439 520 3529; x_wconf 81' lang='lat' dir='ltr'>-fio,</span> <span class='ocrx_word' id='word_1_347' title='bbox 568 3456 722 3515; x_wconf 85' lang='lat' dir='ltr'>tum</span> <span class='ocrx_word' id='word_1_348' title='bbox 748 3466 997 3525; x_wconf 87' lang='lat' dir='ltr'>rerum,</span> <span class='ocrx_word' id='word_1_349' title='bbox 1020 3455 1172 3513; x_wconf 88' lang='lat' dir='ltr'>tum</span> <span class='ocrx_word' id='word_1_350' title='bbox 1200 3438 1564 3537; x_wconf 84' lang='lat' dir='ltr'>scripturae</span> <span class='ocrx_word' id='word_1_351' title='bbox 1593 3435 1796 3537; x_wconf 81' lang='lat' dir='ltr'>ipfius</span> <span class='ocrx_word' id='word_1_352' title='bbox 1826 3440 2110 3523; x_wconf 84' lang='lat' dir='ltr'>ratione,</span> <span class='ocrx_word' id='word_1_353' title='bbox 2150 3434 2532 3507; x_wconf 88' lang='lat' dir='ltr'>monstrum</span> <span class='ocrx_word' id='word_1_354' title='bbox 2574 3435 2745 3508; x_wconf 86' lang='lat' dir='ltr'>illud</span> <span class='ocrx_word' id='word_1_355' title='bbox 2773 3436 2961 3509; x_wconf 87' lang='lat' dir='ltr'>verbi</span> <span class='ocrx_word' id='word_1_356' title='bbox 2997 3438 3296 3530; x_wconf 85' lang='lat' dir='ltr'>tollatur,</span> <span class='ocrx_word' id='word_1_357' title='bbox 3342 3436 3532 3538; x_wconf 85' lang='lat' dir='ltr'>quod</span> 
     </span>
     <span class='ocr_line' id='line_1_31' title="bbox 401 3534 3531 3635; baseline -0.001 -20"><span class='ocrx_word' id='word_1_358' title='bbox 401 3539 486 3615; x_wconf 81' lang='lat' dir='ltr'>ab</span> <span class='ocrx_word' id='word_1_359' title='bbox 505 3539 1010 3616; x_wconf 71' lang='lat' dir='ltr'>nonintelleElo</span> <span class='ocrx_word' id='word_1_360' title='bbox 1027 3537 1424 3627; x_wconf 71' lang='lat' dir='ltr'>aLibrariiS,</span> <span class='ocrx_word' id='word_1_361' title='bbox 1483 3556 1556 3611; x_wconf 88' lang='lat' dir='ltr'>et</span> <span class='ocrx_word' id='word_1_362' title='bbox 1584 3565 1746 3612; x_wconf 90' lang='lat' dir='ltr'>cum</span> <span class='ocrx_word' id='word_1_363' title='bbox 1772 3537 1994 3612; x_wconf 87' lang='lat' dir='ltr'>verbis</span> <span class='ocrx_word' id='word_1_364' title='bbox 2026 3539 2423 3635; x_wconf 89' lang='lat' dir='ltr'>asuperiore</span> <span class='ocrx_word' id='word_1_365' title='bbox 2441 3538 2662 3634; x_wconf 89' lang='lat' dir='ltr'>capite</span> <span class='ocrx_word' id='word_1_366' title='bbox 2677 3534 2994 3611; x_wconf 70' lang='lat' dir='ltr'>distrastis</span> <span class='ocrx_word' id='word_1_367' title='bbox 3009 3539 3292 3613; x_wconf 87' lang='lat' dir='ltr'>confuso</span> <span class='ocrx_word' id='word_1_368' title='bbox 3326 3542 3531 3613; x_wconf 79' lang='lat' dir='ltr'>huius</span> 
     </span>
    </p>

    <p class='ocr_par' dir='ltr' id='par_1_13' title="bbox 293 3635 3583 4047">
     <span class='ocr_line' id='line_1_32' title="bbox 293 3635 3583 3738; baseline -0.002 -19"><span class='ocrx_word' id='word_1_369' title='bbox 293 3666 300 3675; x_wconf 82' lang='grc'><em>·</em></span> <span class='ocrx_word' id='word_1_370' title='bbox 397 3663 812 3737; x_wconf 83' lang='lat' dir='ltr'>argumento</span> <span class='ocrx_word' id='word_1_371' title='bbox 843 3662 1074 3719; x_wconf 87' lang='lat' dir='ltr'>ortum</span> <span class='ocrx_word' id='word_1_372' title='bbox 1105 3657 1267 3733; x_wconf 86' lang='lat' dir='ltr'>erat,</span> <span class='ocrx_word' id='word_1_373' title='bbox 1318 3646 1513 3716; x_wconf 81' lang='lat' dir='ltr'>decem</span> <span class='ocrx_word' id='word_1_374' title='bbox 1543 3644 1887 3714; x_wconf 78' lang='lat' dir='ltr'>bambatae.</span> <span class='ocrx_word' id='word_1_375' title='bbox 1986 3637 2167 3711; x_wconf 89' lang='lat' dir='ltr'>Illud</span> <span class='ocrx_word' id='word_1_376' title='bbox 2192 3663 2232 3710; x_wconf 75' lang='lat' dir='ltr'>a</span> <span class='ocrx_word' id='word_1_377' title='bbox 2262 3635 2610 3727; x_wconf 86' lang='lat' dir='ltr'>Salmafio,</span> <span class='ocrx_word' id='word_1_378' title='bbox 2642 3638 2829 3738; x_wconf 90' lang='lat' dir='ltr'>quod</span> <span class='ocrx_word' id='word_1_379' title='bbox 2868 3641 3008 3738; x_wconf 90' lang='lat' dir='ltr'>ipse</span> <span class='ocrx_word' id='word_1_380' title='bbox 3050 3638 3246 3713; x_wconf 84' lang='lat' dir='ltr'>facile</span> <span class='ocrx_word' id='word_1_381' title='bbox 3287 3668 3326 3712; x_wconf 90' lang='lat' dir='ltr'>a</span> <span class='ocrx_word' id='word_1_382' title='bbox 3348 3649 3532 3714; x_wconf 88' lang='lat' dir='ltr'>Tur·</span> <span class='ocrx_word' id='word_1_383' title='bbox 3570 3670 3583 3677; x_wconf 58' lang='grc'><strong>’</strong></span> 
     </span>
     <span class='ocr_line' id='line_1_33' title="bbox 391 3737 3527 3846; baseline -0.001 -25"><span class='ocrx_word' id='word_1_384' title='bbox 391 3745 597 3835; x_wconf 85' lang='lat' dir='ltr'>nebo,</span> <span class='ocrx_word' id='word_1_385' title='bbox 643 3748 986 3837; x_wconf 82' lang='lat' dir='ltr'>sumimus,</span> <span class='ocrx_word' id='word_1_386' title='bbox 1033 3762 1110 3820; x_wconf 87' lang='lat' dir='ltr'>vt</span> <span class='ocrx_word' id='word_1_387' title='bbox 1137 3772 1267 3846; x_wconf 89' lang='lat' dir='ltr'>pro</span> <span class='ocrx_word' id='word_1_388' title='bbox 1298 3748 1475 3819; x_wconf 81' lang='lat' dir='ltr'>mitis</span> <span class='ocrx_word' id='word_1_389' title='bbox 1507 3741 1871 3817; x_wconf 84' lang='lat' dir='ltr'>scribamus</span> <span class='ocrx_word' id='word_1_390' title='bbox 1916 3746 2140 3828; x_wconf 80' lang='lat' dir='ltr'>mittis,</span> <span class='ocrx_word' id='word_1_391' title='bbox 2183 3764 2274 3811; x_wconf 88' lang='lat' dir='ltr'>ne</span> <span class='ocrx_word' id='word_1_392' title='bbox 2298 3739 2587 3815; x_wconf 87' lang='lat' dir='ltr'>verbum</span> <span class='ocrx_word' id='word_1_393' title='bbox 2615 3737 2785 3837; x_wconf 70' lang='lat' dir='ltr'>desit</span> <span class='ocrx_word' id='word_1_394' title='bbox 2823 3742 3212 3832; x_wconf 87' lang='lat' dir='ltr'>sententiae,</span> <span class='ocrx_word' id='word_1_395' title='bbox 3261 3766 3340 3816; x_wconf 87' lang='lat' dir='ltr'>ac</span> <span class='ocrx_word' id='word_1_396' title='bbox 3367 3768 3527 3842; x_wconf 84' lang='lat' dir='ltr'>pro·</span> 
     </span>
     <span class='ocr_line' id='line_1_34' title="bbox 391 3842 3526 3947; baseline -0.003 -26"><span class='ocrx_word' id='word_1_397' title='bbox 391 3851 609 3921; x_wconf 57' lang='lat' dir='ltr'>rimae</span> <span class='ocrx_word' id='word_1_398' title='bbox 636 3854 842 3922; x_wconf 86' lang='lat' dir='ltr'>etiam</span> <span class='ocrx_word' id='word_1_399' title='bbox 865 3850 1201 3923; x_wconf 81' lang='lat' dir='ltr'>locutioni</span> <span class='ocrx_word' id='word_1_400' title='bbox 1230 3869 1658 3940; x_wconf 85' lang='lat' dir='ltr'>congruens:</span> <span class='ocrx_word' id='word_1_401' title='bbox 1708 3860 1781 3916; x_wconf 93' lang='lat' dir='ltr'>et</span> <span class='ocrx_word' id='word_1_402' title='bbox 1809 3866 2194 3941; x_wconf 80' lang='lat' dir='ltr'>quanquam</span> <span class='ocrx_word' id='word_1_403' title='bbox 2221 3866 2301 3913; x_wconf 90' lang='lat' dir='ltr'>ea</span> <span class='ocrx_word' id='word_1_404' title='bbox 2330 3866 2504 3939; x_wconf 89' lang='lat' dir='ltr'>quae</span> <span class='ocrx_word' id='word_1_405' title='bbox 2532 3842 2926 3939; x_wconf 84' lang='lat' dir='ltr'>sequuntur,</span> <span class='ocrx_word' id='word_1_406' title='bbox 2977 3857 3094 3921; x_wconf 80' lang='lat' dir='ltr'>aut</span> <span class='ocrx_word' id='word_1_407' title='bbox 3114 3848 3185 3947; x_wconf 78' lang='lat' dir='ltr'><strong><em>fi</em></strong></span> <span class='ocrx_word' id='word_1_408' title='bbox 3204 3870 3332 3921; x_wconf 78' lang='lat' dir='ltr'>non</span> <span class='ocrx_word' id='word_1_409' title='bbox 3356 3848 3526 3919; x_wconf 78' lang='lat' dir='ltr'>dulce</span> 
     </span>
     <span class='ocr_line' id='line_1_35' title="bbox 385 3940 3521 4047; baseline -0.001 -26"><span class='ocrx_word' id='word_1_410' title='bbox 385 3949 663 4047; x_wconf 72' lang='lat' dir='ltr'>mfluni,</span> <span class='ocrx_word' id='word_1_411' title='bbox 712 3950 1069 4022; x_wconf 81' lang='lat' dir='ltr'>videantur</span> <span class='ocrx_word' id='word_1_412' title='bbox 1090 3953 1253 4021; x_wconf 74' lang='lat' dir='ltr'>mitis</span> <span class='ocrx_word' id='word_1_413' title='bbox 1286 3946 1663 4046; x_wconf 80' lang='lat' dir='ltr'>postulare3</span> <span class='ocrx_word' id='word_1_414' title='bbox 1715 3971 1790 4017; x_wconf 88' lang='lat' dir='ltr'>re</span> <span class='ocrx_word' id='word_1_415' title='bbox 1805 3962 2037 4019; x_wconf 89' lang='lat' dir='ltr'>tamen</span> <span class='ocrx_word' id='word_1_416' title='bbox 2068 3968 2226 4017; x_wconf 84' lang='lat' dir='ltr'>vera</span> <span class='ocrx_word' id='word_1_417' title='bbox 2244 3968 2386 4015; x_wconf 87' lang='lat' dir='ltr'>non</span> <span class='ocrx_word' id='word_1_418' title='bbox 2416 3940 2744 4034; x_wconf 83' lang='lat' dir='ltr'>flagitant.</span> <span class='ocrx_word' id='word_1_419' title='bbox 2845 3950 3081 4017; x_wconf 89' lang='lat' dir='ltr'>Vnum</span> <span class='ocrx_word' id='word_1_420' title='bbox 3103 3945 3304 4023; x_wconf 83' lang='lat' dir='ltr'>video</span> <span class='ocrx_word' id='word_1_421' title='bbox 3332 3944 3521 4047; x_wconf 83' lang='lat' dir='ltr'>poffe</span> 
     </span>
    </p>

    <p class='ocr_par' dir='ltr' id='par_1_14' title="bbox 333 4040 3519 4248">
     <span class='ocr_line' id='line_1_36' title="bbox 333 4040 3519 4148; baseline -0.001 -24"><span class='ocrx_word' id='word_1_422' title='bbox 333 4102 346 4113; x_wconf 85' lang='lat'><strong>·</strong></span> <span class='ocrx_word' id='word_1_423' title='bbox 397 4077 478 4124; x_wconf 86' lang='lat' dir='ltr'>ex</span> <span class='ocrx_word' id='word_1_424' title='bbox 507 4076 622 4123; x_wconf 92' lang='lat' dir='ltr'>me</span> <span class='ocrx_word' id='word_1_425' title='bbox 649 4054 909 4148; x_wconf 84' lang='lat' dir='ltr'>quaeri:</span> <span class='ocrx_word' id='word_1_426' title='bbox 961 4048 1556 4137; x_wconf 56' lang='lat' dir='ltr'>censeamnesatis</span> <span class='ocrx_word' id='word_1_427' title='bbox 1589 4047 1792 4119; x_wconf 83' lang='lat' dir='ltr'>huius</span> <span class='ocrx_word' id='word_1_428' title='bbox 1824 4047 2056 4144; x_wconf 84' lang='lat' dir='ltr'>capitis</span> <span class='ocrx_word' id='word_1_429' title='bbox 2084 4040 2291 4117; x_wconf 80' lang='lat' dir='ltr'>verba</span> <span class='ocrx_word' id='word_1_430' title='bbox 2320 4058 2597 4117; x_wconf 86' lang='lat' dir='ltr'>naturae</span> <span class='ocrx_word' id='word_1_431' title='bbox 2627 4043 3094 4119; x_wconf 83' lang='lat' dir='ltr'>embammatis</span> <span class='ocrx_word' id='word_1_432' title='bbox 3124 4052 3519 4138; x_wconf 88' lang='lat' dir='ltr'>conuenire,</span> 
     </span>
     <span class='ocr_line' id='line_1_37' title="bbox 394 4143 3517 4248; baseline -0 -23"><span class='ocrx_word' id='word_1_433' title='bbox 394 4150 854 4238; x_wconf 79' lang='lat' dir='ltr'>multiformis,</span> <span class='ocrx_word' id='word_1_434' title='bbox 895 4165 972 4222; x_wconf 83' lang='lat' dir='ltr'>vt</span> <span class='ocrx_word' id='word_1_435' title='bbox 995 4150 1193 4246; x_wconf 88' lang='lat' dir='ltr'>supra</span> <span class='ocrx_word' id='word_1_436' title='bbox 1219 4146 1603 4237; x_wconf 66' lang='lat' dir='ltr'>diaumest,</span> <span class='ocrx_word' id='word_1_437' title='bbox 1631 4151 1751 4235; x_wconf 88' lang='lat' dir='ltr'>rei,</span> <span class='ocrx_word' id='word_1_438' title='bbox 1794 4161 1865 4219; x_wconf 86' lang='lat' dir='ltr'>et</span> <span class='ocrx_word' id='word_1_439' title='bbox 1889 4144 1974 4219; x_wconf 83' lang='lat' dir='ltr'>ad</span> <span class='ocrx_word' id='word_1_440' title='bbox 2000 4169 2203 4244; x_wconf 83' lang='lat' dir='ltr'>quam</span> <span class='ocrx_word' id='word_1_441' title='bbox 2229 4143 2385 4216; x_wconf 88' lang='lat' dir='ltr'>alibi</span> <span class='ocrx_word' id='word_1_442' title='bbox 2420 4144 2803 4219; x_wconf 83' lang='lat' dir='ltr'>Columella</span> <span class='ocrx_word' id='word_1_443' title='bbox 2844 4148 2987 4246; x_wconf 86' lang='lat' dir='ltr'>ipse</span> <span class='ocrx_word' id='word_1_444' title='bbox 3029 4146 3241 4248; x_wconf 85' lang='lat' dir='ltr'>finapi</span> <span class='ocrx_word' id='word_1_445' title='bbox 3283 4149 3517 4223; x_wconf 87' lang='lat' dir='ltr'>adiun-</span> 
     </span>
    </p>

    <p class='ocr_par' dir='ltr' id='par_1_15' title="bbox 325 4242 3519 4653">
     <span class='ocr_line' id='line_1_38' title="bbox 325 4242 3515 4350; baseline 0.001 -29"><span class='ocrx_word' id='word_1_446' title='bbox 325 4310 334 4321; x_wconf 92' lang='lat'><strong><em>.</em></strong></span> <span class='ocrx_word' id='word_1_447' title='bbox 391 4258 532 4349; x_wconf 59' lang='lat' dir='ltr'>giu</span> <span class='ocrx_word' id='word_1_448' title='bbox 617 4258 766 4350; x_wconf 88' lang='lat' dir='ltr'>Ego</span> <span class='ocrx_word' id='word_1_449' title='bbox 796 4277 962 4325; x_wconf 83' lang='lat' dir='ltr'>vero</span> <span class='ocrx_word' id='word_1_450' title='bbox 989 4247 1288 4341; x_wconf 77' lang='lat' dir='ltr'>vfitatius</span> <span class='ocrx_word' id='word_1_451' title='bbox 1331 4250 1460 4340; x_wconf 86' lang='lat' dir='ltr'>hic,</span> <span class='ocrx_word' id='word_1_452' title='bbox 1502 4267 1576 4324; x_wconf 91' lang='lat' dir='ltr'>et</span> <span class='ocrx_word' id='word_1_453' title='bbox 1603 4278 1642 4324; x_wconf 83' lang='lat' dir='ltr'>a</span> <span class='ocrx_word' id='word_1_454' title='bbox 1663 4250 1903 4324; x_wconf 84' lang='lat' dir='ltr'>Villica</span> <span class='ocrx_word' id='word_1_455' title='bbox 1945 4242 2302 4346; x_wconf 86' lang='lat' dir='ltr'>parabilius</span> <span class='ocrx_word' id='word_1_456' title='bbox 2337 4242 2723 4319; x_wconf 85' lang='lat' dir='ltr'>embamma</span> <span class='ocrx_word' id='word_1_457' title='bbox 2746 4252 3066 4347; x_wconf 87' lang='lat' dir='ltr'>proponi,</span> <span class='ocrx_word' id='word_1_458' title='bbox 3093 4250 3334 4340; x_wconf 80' lang='lat' dir='ltr'>cred03</span> <span class='ocrx_word' id='word_1_459' title='bbox 3370 4278 3515 4325; x_wconf 90' lang='lat' dir='ltr'>non</span> 
     </span>
     <span class='ocr_line' id='line_1_39' title="bbox 395 4344 3514 4451; baseline -0.001 -22"><span class='ocrx_word' id='word_1_460' title='bbox 395 4356 644 4429; x_wconf 85' lang='lat' dir='ltr'>omnia.</span> <span class='ocrx_word' id='word_1_461' title='bbox 746 4360 950 4425; x_wconf 88' lang='lat' dir='ltr'>Certe</span> <span class='ocrx_word' id='word_1_462' title='bbox 975 4365 1172 4425; x_wconf 85' lang='lat' dir='ltr'>aceto</span> <span class='ocrx_word' id='word_1_463' title='bbox 1201 4350 1430 4425; x_wconf 83' lang='lat' dir='ltr'>solitos</span> <span class='ocrx_word' id='word_1_464' title='bbox 1459 4349 1590 4426; x_wconf 82' lang='lat' dir='ltr'>effe</span> <span class='ocrx_word' id='word_1_465' title='bbox 1619 4350 1934 4448; x_wconf 87' lang='lat' dir='ltr'>antiquos</span> <span class='ocrx_word' id='word_1_466' title='bbox 1962 4351 2060 4421; x_wconf 90' lang='lat' dir='ltr'>vti</span> <span class='ocrx_word' id='word_1_467' title='bbox 2075 4348 2166 4451; x_wconf 80' lang='lat' dir='ltr'>¹ad</span> <span class='ocrx_word' id='word_1_468' title='bbox 2197 4344 2665 4435; x_wconf 77' lang='lat' dir='ltr'>embammata,</span> <span class='ocrx_word' id='word_1_469' title='bbox 2691 4362 2843 4420; x_wconf 92' lang='lat' dir='ltr'>tum</span> <span class='ocrx_word' id='word_1_470' title='bbox 2869 4375 2950 4421; x_wconf 84' lang='lat' dir='ltr'>ex</span> <span class='ocrx_word' id='word_1_471' title='bbox 2964 4350 3296 4425; x_wconf 88' lang='lat' dir='ltr'>Nicandri</span> <span class='ocrx_word' id='word_1_472' title='bbox 3309 4354 3514 4425; x_wconf 89' lang='lat' dir='ltr'>Scho-</span> 
     </span>
     <span class='ocr_line' id='line_1_40' title="bbox 393 4444 3513 4550; baseline -0.001 -21"><span class='ocrx_word' id='word_1_473' title='bbox 393 4453 581 4529; x_wconf 74' lang='lat' dir='ltr'>liziste</span> <span class='ocrx_word' id='word_1_474' title='bbox 615 4456 1022 4547; x_wconf 85' lang='lat' dir='ltr'>intelligitur</span> <span class='ocrx_word' id='word_1_475' title='bbox 1045 4450 1375 4538; x_wconf 78' lang='lat' dir='ltr'>tradente,</span> <span class='ocrx_word' id='word_1_476' title='bbox 1391 4452 1675 4550; x_wconf 66' lang='grc' dir='ltr'><strong><em>βάμμα,</em></strong></span> <span class='ocrx_word' id='word_1_477' title='bbox 1703 4450 1752 4524; x_wconf 83' lang='lat' dir='ltr'><strong>fi</strong></span> <span class='ocrx_word' id='word_1_478' title='bbox 1783 4452 2002 4525; x_wconf 86' lang='lat' dir='ltr'>solum</span> <span class='ocrx_word' id='word_1_479' title='bbox 2033 4447 2372 4536; x_wconf 84' lang='lat' dir='ltr'>scribatur,</span> <span class='ocrx_word' id='word_1_480' title='bbox 2398 4444 2769 4539; x_wconf 83' lang='lat' dir='ltr'>significare</span> <span class='ocrx_word' id='word_1_481' title='bbox 2796 4465 3086 4541; x_wconf 84' lang='lat' dir='ltr'>acetum,</span> <span class='ocrx_word' id='word_1_482' title='bbox 3128 4468 3281 4525; x_wconf 91' lang='lat' dir='ltr'>tum</span> <span class='ocrx_word' id='word_1_483' title='bbox 3310 4478 3390 4525; x_wconf 84' lang='lat' dir='ltr'>ex</span> <span class='ocrx_word' id='word_1_484' title='bbox 3425 4456 3513 4547; x_wconf 58' lang='lat' dir='ltr'>⁴iis</span> 
     </span>
     <span class='ocr_line' id='line_1_41' title="bbox 391 4549 3519 4653; baseline -0.001 -23"><span class='ocrx_word' id='word_1_485' title='bbox 391 4559 658 4635; x_wconf 80' lang='lat' dir='ltr'>Lexicis</span> <span class='ocrx_word' id='word_1_486' title='bbox 675 4557 952 4631; x_wconf 82' lang='lat' dir='ltr'>Graecis</span> <span class='ocrx_word' id='word_1_487' title='bbox 978 4558 1050 4627; x_wconf 88' lang='lat' dir='ltr'>in</span> <span class='ocrx_word' id='word_1_488' title='bbox 1078 4551 1324 4653; x_wconf 72' lang='lat' dir='ltr'>quibua</span> <span class='ocrx_word' id='word_1_489' title='bbox 1354 4556 1635 4629; x_wconf 81' lang='lat' dir='ltr'>hammon</span> <span class='ocrx_word' id='word_1_490' title='bbox 1661 4550 1793 4627; x_wconf 81' lang='lat' dir='ltr'>effe</span> <span class='ocrx_word' id='word_1_491' title='bbox 1819 4552 2066 4626; x_wconf 86' lang='lat' dir='ltr'>dicitur</span> <span class='ocrx_word' id='word_1_492' title='bbox 2090 4550 2434 4625; x_wconf 81' lang='lat' dir='ltr'>vasculum</span> <span class='ocrx_word' id='word_1_493' title='bbox 2462 4552 2636 4622; x_wconf 88' lang='lat' dir='ltr'>aceti</span> <span class='ocrx_word' id='word_1_494' title='bbox 2659 4549 3043 4651; x_wconf 88' lang='lat' dir='ltr'>appofitum</span> <span class='ocrx_word' id='word_1_495' title='bbox 3071 4553 3153 4625; x_wconf 89' lang='lat' dir='ltr'>ad</span> <span class='ocrx_word' id='word_1_496' title='bbox 3179 4557 3519 4649; x_wconf 87' lang='lat' dir='ltr'>intingen-</span> 
     </span>
    </p>

    <p class='ocr_par' dir='ltr' id='par_1_16' title="bbox 279 4652 3657 5171">
     <span class='ocr_line' id='line_1_42' title="bbox 279 4652 3517 4756; baseline -0.002 -23"><span class='ocrx_word' id='word_1_497' title='bbox 279 4652 288 4659; x_wconf 65' lang='grc'>’</span> <span class='ocrx_word' id='word_1_498' title='bbox 353 4660 561 4734; x_wconf 78' lang='lat' dir='ltr'>&#39;dum</span> <span class='ocrx_word' id='word_1_499' title='bbox 583 4661 657 4731; x_wconf 92' lang='lat' dir='ltr'>in</span> <span class='ocrx_word' id='word_1_500' title='bbox 687 4659 933 4746; x_wconf 82' lang='lat' dir='ltr'>mensa,</span> <span class='ocrx_word' id='word_1_501' title='bbox 963 4672 1116 4729; x_wconf 86' lang='lat' dir='ltr'>tum</span> <span class='ocrx_word' id='word_1_502' title='bbox 1140 4678 1305 4726; x_wconf 83' lang='lat' dir='ltr'>vero</span> <span class='ocrx_word' id='word_1_503' title='bbox 1333 4679 1414 4724; x_wconf 82' lang='lat' dir='ltr'>ex</span> <span class='ocrx_word' id='word_1_504' title='bbox 1438 4659 1679 4756; x_wconf 84' lang='lat' dir='ltr'>Apicio</span> <span class='ocrx_word' id='word_1_505' title='bbox 1707 4652 1829 4754; x_wconf 92' lang='lat' dir='ltr'>[de</span> <span class='ocrx_word' id='word_1_506' title='bbox 1848 4662 2014 4743; x_wconf 83' lang='lat' dir='ltr'>Arte</span> <span class='ocrx_word' id='word_1_507' title='bbox 2030 4654 2319 4751; x_wconf 88' lang='lat' dir='ltr'>Coquin.</span> <span class='ocrx_word' id='word_1_508' title='bbox 2341 4652 2384 4722; x_wconf 93' lang='lat' dir='ltr'><strong>l.</strong></span> <span class='ocrx_word' id='word_1_509' title='bbox 2404 4662 2448 4734; x_wconf 78' lang='lat'>8</span> <span class='ocrx_word' id='word_1_510' title='bbox 2480 4675 2536 4725; x_wconf 87' lang='lat' dir='ltr'>c.</span> <span class='ocrx_word' id='word_1_511' title='bbox 2571 4654 2664 4747; x_wconf 87' lang='lat'>2],</span> <span class='ocrx_word' id='word_1_512' title='bbox 2709 4657 2829 4751; x_wconf 88' lang='lat' dir='ltr'>qui</span> <span class='ocrx_word' id='word_1_513' title='bbox 2864 4657 2970 4731; x_wconf 79' lang='lat' dir='ltr'>ius</span> <span class='ocrx_word' id='word_1_514' title='bbox 2998 4653 3358 4753; x_wconf 86' lang='lat' dir='ltr'>quoddam,</span> <span class='ocrx_word' id='word_1_515' title='bbox 3403 4659 3517 4731; x_wconf 83' lang='lat' dir='ltr'>cui</span> 
     </span>
     <span class='ocr_line' id='line_1_43' title="bbox 401 4753 3517 4855; baseline -0.002 -21"><span class='ocrx_word' id='word_1_516' title='bbox 401 4777 676 4835; x_wconf 87' lang='lat' dir='ltr'>acetum</span> <span class='ocrx_word' id='word_1_517' title='bbox 726 4759 942 4845; x_wconf 86' lang='lat' dir='ltr'>addit,</span> <span class='ocrx_word' id='word_1_518' title='bbox 996 4770 1197 4830; x_wconf 85' lang='lat' dir='ltr'>vocat</span> <span class='ocrx_word' id='word_1_519' title='bbox 1238 4758 1606 4845; x_wconf 79' lang='lat' dir='ltr'>embamma,</span> <span class='ocrx_word' id='word_1_520' title='bbox 1641 4775 1795 4832; x_wconf 88' lang='lat' dir='ltr'>tum</span> <span class='ocrx_word' id='word_1_521' title='bbox 1838 4756 2136 4855; x_wconf 89' lang='lat' dir='ltr'>denique</span> <span class='ocrx_word' id='word_1_522' title='bbox 2162 4778 2242 4826; x_wconf 84' lang='lat' dir='ltr'>ex</span> <span class='ocrx_word' id='word_1_523' title='bbox 2277 4755 2575 4853; x_wconf 90' lang='lat' dir='ltr'>leiano</span> <span class='ocrx_word' id='word_1_524' title='bbox 2606 4753 2922 4844; x_wconf 89' lang='lat' dir='ltr'>docente,</span> <span class='ocrx_word' id='word_1_525' title='bbox 2971 4761 3307 4829; x_wconf 72' lang='lat' dir='ltr'>embamma</span> <span class='ocrx_word' id='word_1_526' title='bbox 3323 4755 3517 4855; x_wconf 77' lang='lat' dir='ltr'>finffl</span> 
     </span>
     <span class='ocr_line' id='line_1_44' title="bbox 402 4857 3520 4956; baseline -0 -21"><span class='ocrx_word' id='word_1_527' title='bbox 402 4866 532 4936; x_wconf 76' lang='lat' dir='ltr'>loco</span> <span class='ocrx_word' id='word_1_528' title='bbox 560 4867 749 4951; x_wconf 74' lang='lat' dir='ltr'>aceti,</span> <span class='ocrx_word' id='word_1_529' title='bbox 796 4876 872 4935; x_wconf 83' lang='lat' dir='ltr'>vt</span> <span class='ocrx_word' id='word_1_530' title='bbox 909 4860 1121 4933; x_wconf 87' lang='lat' dir='ltr'>refert</span> <span class='ocrx_word' id='word_1_531' title='bbox 1143 4858 1571 4930; x_wconf 83' lang='lat' dir='ltr'>Mercurialis</span> <span class='ocrx_word' id='word_1_532' title='bbox 1603 4859 1760 4951; x_wconf 84' lang='lat' dir='ltr'>[loc.</span> <span class='ocrx_word' id='word_1_533' title='bbox 1787 4861 1928 4954; x_wconf 71' lang='lat' dir='ltr'>cit]</span> <span class='ocrx_word' id='word_1_534' title='bbox 1960 4889 1976 4931; x_wconf 86' lang='grc'>;</span> <span class='ocrx_word' id='word_1_535' title='bbox 2020 4882 2193 4956; x_wconf 88' lang='lat' dir='ltr'>quae</span> <span class='ocrx_word' id='word_1_536' title='bbox 2237 4881 2344 4929; x_wconf 84' lang='lat' dir='ltr'>res</span> <span class='ocrx_word' id='word_1_537' title='bbox 2358 4913 2377 4945; x_wconf 94' lang='lat'>,</span> <span class='ocrx_word' id='word_1_538' title='bbox 2418 4857 2677 4954; x_wconf 88' lang='lat' dir='ltr'>inquit,</span> <span class='ocrx_word' id='word_1_539' title='bbox 2720 4858 2903 4931; x_wconf 83' lang='lat' dir='ltr'>valde</span> <span class='ocrx_word' id='word_1_540' title='bbox 2942 4858 3324 4955; x_wconf 69' lang='lat' dir='ltr'>defiriptioni</span> <span class='ocrx_word' id='word_1_541' title='bbox 3362 4865 3520 4934; x_wconf 82' lang='lat' dir='ltr'>Em·</span> 
     </span>
     <span class='ocr_line' id='line_1_45' title="bbox 397 4957 3517 5060; baseline -0.001 -22"><span class='ocrx_word' id='word_1_542' title='bbox 397 4970 730 5039; x_wconf 69' lang='lat' dir='ltr'>bemmatis</span> <span class='ocrx_word' id='word_1_543' title='bbox 745 4963 1119 5038; x_wconf 61' lang='lat' dir='ltr'>Columellae</span> <span class='ocrx_word' id='word_1_544' title='bbox 1145 4965 1442 5059; x_wconf 78' lang='lat' dir='ltr'>quadrat,</span> <span class='ocrx_word' id='word_1_545' title='bbox 1501 4963 1597 5030; x_wconf 80' lang='lat' dir='ltr'>cui</span> <span class='ocrx_word' id='word_1_546' title='bbox 1632 4981 1858 5053; x_wconf 80' lang='lat' dir='ltr'>magna</span> <span class='ocrx_word' id='word_1_547' title='bbox 1900 4967 2057 5033; x_wconf 80' lang='lat' dir='ltr'>aceti</span> <span class='ocrx_word' id='word_1_548' title='bbox 2077 4964 2289 5051; x_wconf 73' lang='lat' dir='ltr'>portio</span> <span class='ocrx_word' id='word_1_549' title='bbox 2335 4957 2712 5053; x_wconf 69' lang='lat' dir='ltr'>admfietur.</span> <span class='ocrx_word' id='word_1_550' title='bbox 2809 4963 3069 5031; x_wconf 88' lang='lat' dir='ltr'>Verum</span> <span class='ocrx_word' id='word_1_551' title='bbox 3113 4983 3265 5053; x_wconf 89' lang='lat' dir='ltr'>ego,</span> <span class='ocrx_word' id='word_1_552' title='bbox 3309 4986 3517 5060; x_wconf 68' lang='lat' dir='ltr'>quan*</span> 
     </span>
     <span class='ocr_line' id='line_1_46' title="bbox 391 5056 3657 5171; baseline -0.002 -30"><span class='ocrx_word' id='word_1_553' title='bbox 391 5092 608 5171; x_wconf 79' lang='lat' dir='ltr'>quam</span> <span class='ocrx_word' id='word_1_554' title='bbox 635 5069 811 5136; x_wconf 84' lang='lat' dir='ltr'>aceti</span> <span class='ocrx_word' id='word_1_555' title='bbox 837 5065 910 5138; x_wconf 88' lang='lat' dir='ltr'>id</span> <span class='ocrx_word' id='word_1_556' title='bbox 940 5063 1130 5166; x_wconf 83' lang='lat' dir='ltr'>quod</span> <span class='ocrx_word' id='word_1_557' title='bbox 1155 5064 1307 5145; x_wconf 73' lang='lat' dir='ltr'>satis</span> <span class='ocrx_word' id='word_1_558' title='bbox 1335 5060 1454 5155; x_wconf 87' lang='lat' dir='ltr'>est,</span> <span class='ocrx_word' id='word_1_559' title='bbox 1505 5056 1886 5149; x_wconf 75' lang='lat' dir='ltr'>admisceri,</span> <span class='ocrx_word' id='word_1_560' title='bbox 1925 5058 2163 5148; x_wconf 81' lang='lat' dir='ltr'>vide03</span> <span class='ocrx_word' id='word_1_561' title='bbox 2215 5083 2502 5161; x_wconf 81' lang='lat' dir='ltr'>magnam</span> <span class='ocrx_word' id='word_1_562' title='bbox 2541 5074 2774 5132; x_wconf 77' lang='lat' dir='ltr'>tamen</span> <span class='ocrx_word' id='word_1_563' title='bbox 2815 5063 2959 5134; x_wconf 81' lang='lat' dir='ltr'>eius</span> <span class='ocrx_word' id='word_1_564' title='bbox 2996 5069 3356 5157; x_wconf 74' lang='lat' dir='ltr'>portionem</span> <span class='ocrx_word' id='word_1_565' title='bbox 3407 5063 3520 5134; x_wconf 87' lang='lat' dir='ltr'>ad·</span> <span class='ocrx_word' id='word_1_566' title='bbox 3646 5107 3657 5115; x_wconf 92' lang='lat'><em>-</em></span> 
     </span>
    </p>

    <p class='ocr_par' dir='ltr' id='par_1_17' title="bbox 385 5165 3538 5267">
     <span class='ocr_line' id='line_1_47' title="bbox 385 5165 3538 5267; baseline -0.002 -25"><span class='ocrx_word' id='word_1_567' title='bbox 385 5218 396 5231; x_wconf 80' lang='lat'><em>.</em></span> <span class='ocrx_word' id='word_1_568' title='bbox 559 5230 574 5235; x_wconf 94' lang='lat'><em>-</em></span> <span class='ocrx_word' id='word_1_569' title='bbox 603 5168 901 5244; x_wconf 79' lang='lat' dir='ltr'>Tem-II.</span> <span class='ocrx_word' id='word_1_570' title='bbox 1787 5190 1796 5199; x_wconf 68' lang='grc'><strong><em>“</em></strong></span> <span class='ocrx_word' id='word_1_571' title='bbox 2139 5184 2152 5199; x_wconf 83' lang='lat'><strong><em>‘</em></strong></span> <span class='ocrx_word' id='word_1_572' title='bbox 2461 5166 2570 5233; x_wconf 76' lang='lat' dir='ltr'>Ee</span> <span class='ocrx_word' id='word_1_573' title='bbox 2593 5185 2632 5253; x_wconf 63' lang='grc' dir='ltr'><strong>ς</strong></span> <span class='ocrx_word' id='word_1_574' title='bbox 3108 5226 3113 5233; x_wconf 96' lang='grc'><strong><em>.</em></strong></span> <span class='ocrx_word' id='word_1_575' title='bbox 3252 5165 3538 5267; x_wconf 78' lang='lat' dir='ltr'>misceri,</span> 
     </span>
    </p>
   </div>
  </div>
 </body>
</html>
