4942 6167
911 436 1239 537 anns
1334 438 2189 517 VETERINARIAE
2279 440 2530 555 swa
2618 380 2934 514 MvLo
2996 434 3102 516 M„
3459 461 3608 537 271

468 626 692 699 vhcias
725 622 924 713 duas,
967 625 1308 699 medullae
1333 631 1649 703 ceruinae
1676 633 1903 703 vncias
1952 644 2093 704 tres
2108 687 2125 718 ‚
2180 627 2316 702 olei
2355 626 2666 702 storacini
2704 632 2932 702 vncias
2967 646 3106 704 tres
3121 685 3139 716 ,
3198 628 3336 701 olei
3375 626 3619 703 lamini
3653 702 3658 707 ,
3719 620 3728 629 ’

465 730 693 801 vncias
731 743 1056 825 quatuor,
1103 753 1280 826 quae
1314 734 1543 803 omnia
1581 731 2011 829 decoquunt,
2071 748 2142 804 et
2166 735 2237 803 in
2277 732 2417 804 sole
2457 745 2576 803 aut
2614 734 2687 802 in
2725 730 2882 804 loco
2933 729 3147 804 calido
3195 744 3615 830 perungunt.

461 829 614 900 Alia
643 853 921 926 quoque
947 832 1295 920 vnguenti.
1316 830 1721 931 compositio
1750 834 1900 905 talis
1941 829 2069 905 est:
2135 840 2500 906 Baccarum
2528 850 2557 886 ⁸
2596 831 2764 905 lau'ri
2809 834 3163 906 sextarium
3209 857 3455 918 vnum,
3501 855 3615 928 cy-
3649 845 3730 916 14

459 931 633 1001 mini
661 930 975 1002 sextarios
1008 926 1038 975 f
1076 929 1283 1018 duos,
1334 932 1671 1032 sulphuris
1699 937 1837 1007 viui
1865 938 2088 1006 vncias
2118 951 2258 1007 tres
2276 988 2294 1021 ,
2344 930 2601 1009 resinae
2627 937 2894 1007 vnciam
2919 959 3156 1023 vnam,
3199 931 3472 1027 galbani
3493 955 3615 1009 vn·

462 1033 594 1127 cias
618 1045 793 1119 treS,
838 1031 977 1103 olei
1004 1031 1319 1105 sextarios
1350 1033 1557 1123 duos,
1608 1061 1787 1133 quae
1814 1038 2043 1110 omnia
2069 1035 2412 1133 decoques
2443 1049 2518 1106 et
2547 1037 2770 1107 vteris.
3035 1046 3045 1063 ⁴

661 1162 723 1229 X
741 1161 1037 1231 LVIII.
1133 1185 1179 1230 ι
1196 1186 1240 1230 1:
1260 1183 1310 1230 τ
1327 1186 1445 1231 ΗΑ
1462 1189 1507 1234 a
1523 1186 1570 1233 e
1591 1186 1623 1231 1
1645 1187 1685 1233 c
1702 1189 1731 1233 1
1775 1188 2056 1261 quoque
2079 1164 2373 1243 iumenti
2402 1160 2521 1234 ista
2561 1162 2719 1235 sunt
2746 1158 2950 1255 signa.
3052 1160 3309 1260 lacebit
3339 1160 3609 1259 semper

459 1276 534 1333 et
559 1259 888 1348 dormiet,
918 1283 1145 1357 neque
1172 1258 1404 1333 cibum
1434 1265 1702 1361 appetit
1728 1273 1756 1308 ²
1797 1289 2024 1362 neque
2050 1281 2333 1362 potum,
2364 1289 2526 1336 cum
2559 1266 2922 1336 excitatum
2950 1258 2982 1307 ¹³
3025 1261 3233 1335 fuerit
3269 1265 3603 1334 continuo

456 1377 865 1456 aggrauatur
890 1372 934 1455 ⁶,
963 1376 1036 1433 et
1064 1361 1133 1433 se
1156 1364 1459 1460 proiicit,
1492 1378 1566 1434 et
1596 1365 1913 1436 manescit
1937 1361 1987 1452 ἃ,
2016 1379 2088 1436 et
2119 1390 2598 1464 quamcunque
2625 1367 2690 1435 ei
2738 1363 3003 1437 dederis
3047 1366 3410 1460 potionem
3456 1377 3602 1433 tan·

456 1488 661 1561 quam
686 1462 1039 1534 dormiens
1071 1476 1099 1505 ⁶
1136 1465 1242 1533 vix
1280 1462 1564 1562 suscipit.
1626 1464 1814 1573 quod
1839 1468 1869 1509 f
1901 1465 2029 1536 hac
2067 1469 2330 1538 ratione
2373 1465 2656 1538 curabis.
2759 1462 3178 1537 Substernito
3227 1468 3299 1535 in
3342 1459 3600 1536 stabulo
3669 1483 3714 1535 2

396 1576 401 1585 ‘
453 1563 568 1636 vbi
595 1560 718 1635 stat
745 1579 776 1621 ¹
822 1560 1100 1636 vtbibat
1126 1562 1220 1636 i'bi
1246 1560 1298 1636 ¹¹.
1350 1567 1463 1636 cui
1490 1566 1697 1664 eap‘ut
1734 1565 2143 1639 fomentabis
2194 1594 2273 1640 ex
2314 1563 2568 1642 calida³
2610 1566 2896 1666 pulegio
2943 1562 3254 1652 decosta,
3302 1561 3601 1665 postmo-

453 1665 620 1737 dum
644 1686 991 1764 perunges
1026 1664 1184 1738 oleo
1215 1690 1376 1737 cum
1409 1664 1680 1740 adarce¹
1710 1671 1897 1756 trito,
1940 1671 2032 1739 ita
2057 1682 2132 1739 vt
2160 1684 2367 1768 caput
2396 1673 2542 1741 eius
2573 1684 2646 1757 et
2674 1693 2868 1740 aures
2896 1665 3243 1752 infundas,
3279 1676 3421 1737 eatu
3451 1665 3602 1739 vsu-

449 1782 565 1839 ms
591 1770 916 1866 potione:
959 1767 1415 1841 camomillam
1442 1779 1476 1812 ¹¹
1515 1769 1883 1867 Illyricam,
1917 1768 2137 1859 (idern
2165 1782 2198 1816 ⁰
2226 1797 2353 1843 nos
2377 1777 2604 1862 trace)
2637 1784 2710 1841 et
2734 1766 3020 1847 herbam
3056 1763 3484 1853 Artemisiam
3524 1768 3600 1836 in

446 1879 619 1967 aqua
645 1867 1009 1966 decoquis,
1062 1895 1142 1973 ex
1170 1894 1305 1966 qua
1331 1868 1637 1967 quotidie
1665 1874 1731 1943 ei
1755 1868 1946 1943 binas
1974 1872 2233 1969 cotylas
2275 1870 2689 1973 propinabis.
2794 1871 2924 1942 Cui
2966 1884 3040 1941 et
3076 1867 3290 1968 pedes
3331 1871 3596 1969 priores
3664 1878 3713 1961 ⁴3*

445 1969 846 2068 frequenter
867 1967 1279 2043 fomentabis
1309 1970 1535 2043 calida.
1602 1996 1615 2005 ·
1637 1973 1829 2044 Solet
1855 1975 2041 2045 enim
2066 1972 2236 2044 haec
2255 1971 2461 2074 paffio
2491 1967 2860 2045 adstrifflus
2880 1987 2909 2028 Ρ
2940 1970 3023 2043 ad
3053 1967 3321 2042 retium
3340 1969 3597 2068 pedem
3663 1974 3676 1985 '

441 2074 869 2164 contingere.
988 2069 1101 2143 Est
1142 2071 1421 2169 quidem
1465 2073 1847 2171 periculosa
1876 2071 2084 2172 paffio
2116 2084 2149 2135 ‘³
2193 2091 2399 2171 atque
2437 2074 2715 2144 curatio.
2799 2074 2991 2143 cuius
3036 2068 3153 2142 ista
3191 2072 3346 2147 sunt
3385 2069 3594 2162 signa.

444 2173 651 2247 Oculi
681 2175 825 2245 eius
850 2170 1324 2270 lacrymabunt
1356 2184 1381 2217 ⁸
1421 2169 1601 2272 quasi
1634 2175 1955 2273 lippiant,
1993 2177 2066 2245 in
2093 2177 2442 2273 praesepio
2460 2186 2485 2220 ⁸
2514 2172 2885 2244 dormitans
2914 2171 3281 2260 incumbit,
3308 2197 3348 2244 a
3375 2166 3596 2270 poste·
3709 2265 3718 2269 ἠ

441 2272 733 2348 rioribus
763 2272 1114 2348 ambulans
1147 2288 1375 2361 nutat,
1425 2289 1498 2346 et
1526 2289 1758 2348 totum
1785 2285 1809 2320 ³
1849 2291 2186 2369 grauatur.
2289 2278 2418 2348 Cui
2456 2276 2852 2367 sanguinem
2909 2271 3224 2345 detrahes
3275 2270 3364 2344 de
3412 2269 3593 2370 pede
3657 2268 3732 2351 4'

439 2379 657 2477 priori
684 2375 953 2465 dextro,
1007 2392 1083 2450 et
1109 2374 1200 2449 de
1222 2376 1491 2448 femore
1529 2372 1787 2450 sinistro
1832 2403 1913 2449 ex
1959 2403 2097 2476 quo
2145 2403 2305 2451 eum
2347 2399 2712 2477 perunges.
2813 2366 3122 2445 Herbam
3163 2370 3598 2445 Artemisiam

441 2477 825 2553 contundes
859 2490 912 2566 ¹¹,
957 2494 1031 2551 et
1060 2475 1417 2551 cribratam
1444 2487 1474 2522 ¹
1519 2474 1705 2551 dabis
1748 2504 1910 2551 cum
1948 2479 2158 2551 lixiuii
2183 2480 2499 2568 sextari0,
2542 2494 2616 2550 et
2643 2476 2778 2548 olei
2814 2476 3077 2575 cyathis
3110 2460 3416 2559 duobuS,
3467 2498 3596 2572 per

438 2579 763 2655 triduum.
813 2596 1050 2678 quarta
1074 2580 1185 2653 die
1212 2583 1645 2653 intermittes.
1740 2579 1954 2664 Quod
1979 2577 2024 2652 fi
2067 2579 2308 2654 cibaria
2350 2606 2498 2652 non
2538 2581 2840 2683 appetit,
2890 2602 3137 2650 eruum
3167 2591 3199 2632 Υ
3239 2575 3591 2648 mollitum

441 2707 525 2754 ex
547 2709 717 2782 aqua
748 2681 977 2779 tepida
1004 2681 1367 2777 [comedat
1399 2695 1444 2771 ²,
1489 2698 1560 2753 et
1586 2682 1875 2781 aquam]
1915 2680 2119 2754 bibat.
2224 2686 2292 2754 Si
2320 2685 2549 2754 minus
2580 2678 2968 2778 profecerit,
3011 2679 3134 2751 lini
3161 2677 3392 2750 semen
3424 2696 3588 2747 cum
3657 2683 3702 2750 5

440 2810 612 2882 aqua
636 2788 706 2856 in
743 2784 878 2856 olla
907 2781 1282 2881 decoqueS,
1311 2800 1382 2856 et
1411 2785 1717 2857 heminas
1748 2783 2038 2877 singulas
2065 2808 2192 2883 per
2223 2784 2365 2855 dies
2410 2779 2711 2874 singulos
2756 2778 2940 2852 dabis
2986 2779 3068 2852 ad
3101 2791 3128 2823 ²
3171 2787 3422 2865 cornu,
3474 2775 3586 2848 ad-

438 2885 583 2958 dito
618 2887 827 2958 melle
854 2901 1187 2984 quantum
1216 2887 1245 2930 ¹³
1284 2881 1583 2958 sufficiat.
1636 2913 1810 2985 quae
1836 2888 2031 2986 potio
2074 2889 2279 2957 etiam
2322 2881 2864 2957 febricitantibus
2909 2874 3200 2980 prodest.
3301 2878 3585 2952 Lethar·
3650 2878 3696 2943 6

437 2990 668 3082 'gicum
697 2988 943 3061 animal
970 2986 1314 3086 frequenti
1341 2991 1817 3062 exercitatione
1838 3001 1863 3032 Ε
1889 2984 2402 3086 prohibendum
2430 2979 2742 3065 constata
2759 2984 3020 3056 somne.
3114 2976 3389 3053 Ass'idua
3415 3003 3586 3077 quo-

437 3114 573 3187 qne
597 3089 1013 3183 iniungenda
1038 3086 1135 3162 est
1150 3088 1601 3163 deambulatio
1621 3094 1650 3135 ‘¹
1678 3089 1728 3162 fi
1756 3092 2127 3163 anteriores
2146 3088 2357 3187 pedes
2384 3091 2527 3159 eius
2556 3086 2812 3158 miseris
2841 3086 2914 3156 in
2929 3082 3338 3155 fomentum.
3391 3083 3590 3156 Nam
3683 3136 3696 3145 -

434 3190 733 3264 furfures
766 3191 898 3264 sale
927 3205 998 3267 et
1033 3206 1226 3263 aceto
1255 3192 1648 3289 permisces,
1680 3208 1753 3264 et
1777 3191 2074 3263 calentes
2104 3190 2374 3283 vngulis
2401 3187 2701 3286 imponis
2734 3197 2778 3257 θ.
2845 3183 3127 3257 farinam
3152 3207 3430 3280 quoque
3468 3181 3586 3252 tri-
3623 3252 3658 3287 ᾗ

433 3296 683 3365 ticeam
710 3318 869 3365 cum
897 3295 1068 3365 tritis
1100 3292 1340 3367 salibus
1365 3310 1440 3366 et
1468 3294 1712 3393 puscae
1740 3294 2020 3367 sextario
2050 3316 2187 3363 vno
2204 3347 2220 3376 ‚
2249 3287 2556 3361 faucibus
2583 3284 2934 3370 infundes,
2977 3282 3260 3357 herbam
3288 3282 3582 3355 Artemi·
3647 3288 3699 3373 '7

434 3390 600 3466 fiam
644 3395 909 3468 tunsam
938 3420 1093 3467 cum
1124 3395 1280 3468 oleo
1307 3411 1377 3467 et
1404 3393 1679 3469 modico
1708 3396 1936 3466 lixiuio
1968 3390 2151 3464 dabis
2179 3391 2263 3463 ad
2291 3416 2511 3462 cornu
2539 3384 2574 3478 f,
2604 3383 2960 3459 abstinebis
2994 3382 3075 3456 ab
3108 3383 3405 3473 hordeo,
3433 3393 3463 3440 Β
3489 3380 3588 3454 fa-

439 3492 572 3567 ba‘e
598 3495 839 3577 solidae
870 3496 1223 3569 sextarium
1253 3500 1542 3594 porrigis
1572 3515 1646 3571 vt
1672 3496 1941 3589 vigilet,
1978 3493 2202 3568 donec
2245 3491 2554 3564 duriores
2585 3491 2616 3532 ¹¹
2660 3487 2942 3562 edomet
2984 3485 3190 3560 cibos.
3295 3489 3408 3556 De
3437 3508 3581 3555 cer-

302 3626 309 3639 ·
440 3593 631 3670 vicei
674 3599 1068 3693 sanguinem
1095 3602 1159 3671 ei
1189 3597 1577 3683 [detrahes.
1678 3604 1785 3669 De
1838 3596 2054 3669 letum
2084 3606 2133 3639 ¹¹¹
2173 3594 2300 3666 hac
2325 3596 2589 3665 ratione
2621 3603 2649 3633 ⁰
2701 3586 2998 3661 curabis:
3046 3585 3378 3673 Afronitri
3405 3596 3438 3628 ⁰
3465 3611 3583 3656 vn·
3652 3605 3694 3675 ς
3776 3611 3780 3615 ·

436 3700 570 3772 cias
602 3714 771 3789 treS,
808 3694 1034 3794 ⁴gallae
1064 3716 1094 3758 Ρ
1132 3704 1493 3800 Syriaticae
1520 3703 1742 3774 vncias
1773 3625 1936 3771 <fuas
1955 3755 1971 3786 ,
2001 3697 2218 3797 spicae
2249 3693 2436 3767 nardi
2481 3694 2706 3766 vncias
2747 3688 2944 3776 duaa,
2988 3685 3227 3761 radicis
3272 3687 3579 3785 capparis
3687 3744 3696 3755 .

376 3878 381 3883 ,
430 3806 658 3876 vncias
703 3798 902 3890 duas,
962 3804 1157 3876 tunsa
1196 3819 1267 3875 et
1315 3802 1600 3878 cribrata
1645 3802 2006 3903 permisces
2040 3814 2088 3887 q,
2135 3817 2207 3870 et
2244 3814 2440 3871 terna
2477 3794 2854 3867 cochlearia
2884 3793 2960 3862 in
2983 3801 3010 3835 ⁸*
3052 3789 3332 3862 sextario
3367 3811 3606 3899 aquae⁸

433 3904 707 4002 tepidae
739 3901 922 3976 dabis
954 3907 1025 3975 in
1052 3920 1231 4003 potu
1258 3919 1296 3977 ³.
1390 3909 1773 4005 Nunquam
1805 3901 2148 3995 frigidam,
2188 3924 2316 3972 nec
2348 3899 2638 3971 nimium
2666 3894 2946 3967 calidam
2976 3906 3014 3981 ²,
3056 3888 3169 3964 sed
3193 3885 3495 3988 tepidam
3524 3897 3581 3977 ¹¹,

436 4003 521 4079 ad
549 4004 923 4078 bibendum
958 4006 1227 4108 semper
1250 4011 1548 4112 accipiat.
1654 4002 1925 4080 Affidue
1971 4003 2241 4099 flagello
2281 3997 2713 4077 excitandum
2742 4007 2772 4043 ¹
2816 4009 2936 4070 aut
2972 4017 3144 4069 voce
3160 4047 3180 4082 ‚
3225 4006 3301 4067 vt
3337 3992 3592 4067 vitium

433 4111 685 4182 timore
728 4106 1053 4208 deponat.
2104 4102 2113 4109 “
3348 4196 3568 4267 XLIX

446 4314 459 4323 ἢ
506 4328 563 4401 ⁶)
590 4327 748 4399 4000!
772 4325 924 4382 16⁹7?
966 4325 1029 4384 C·
1115 4323 1176 4400 f)
1201 4328 1357 4388 Hinc
1381 4328 1449 4389 ad
1482 4331 1712 4407 galbani
1745 4350 1863 4390 om.
1897 4331 1957 4389 C.
2045 4331 2073 4401 (
2084 4329 2253 4389 bolum
2280 4342 2351 4383 ex
2372 4319 2560 4395 meHe)
2586 4335 2644 4381 ee
2663 4323 2798 4382 RS.
2867 4321 2927 4397 2)
2954 4314 3169 4404 inclusa
3194 4333 3314 4372 om.
3333 4312 3394 4370 C.
3418 4309 3590 4397 reste.

434 4400 529 4467 [C.
556 4399 827 4474 XLvm.]
862 4400 917 4472 a)
947 4413 1158 4476 appetet
1174 4420 1280 4461 etc.
1311 4405 1368 4459 C.
1448 4407 1508 4478 b)
1532 4407 1885 4465 exercitatum
1903 4408 1960 4461 C,
2026 4410 2103 4476 ἰ)
2129 4406 2210 4459 ad
2227 4418 2389 4458 cornu
2414 4420 2528 4456 omz
2561 4400 2622 4455 C.
2735 4401 2797 4467 b)
2827 4392 3181 4473 quodsufficn
3210 4392 3271 4448 C.
3327 4404 3334 4412 ·
3360 4385 3417 4457 c)
3445 4402 3590 4470 exc(-

431 4474 488 4545 c)
504 4488 799 4551 graeuatur·
820 4473 879 4528 C.
982 4478 1019 4530 d
1023 4480 1044 4543 )
1074 4475 1390 4552 inhorrescit
1417 4480 1470 4536 S.
1488 4481 1571 4537 M.
1682 4482 1740 4553 e)
1767 4478 1965 4537 dormi·
2010 4486 2019 4497 “
2043 4479 2249 4537 tatione
2279 4477 2343 4531 C.
2435 4473 2497 4544 d)
2519 4472 2809 4529 ambulatio
2827 4511 2844 4538 ,
2878 4471 2947 4543 st
2964 4482 3093 4524 ante
3116 4480 3291 4521 omnes
3306 4462 3462 4536 pedes
3484 4475 3590 4511 me-

431 4563 559 4605 tm
585 4550 649 4607 C·
710 4548 743 4604 f
745 4552 768 4620 )
792 4563 944 4621 μω
968 4549 1027 4605 F·
1087 4554 1151 4625 g)
1161 4549 1560 4627 stratumcubet
1574 4556 1627 4612 S.
1641 4557 1725 4613 M.
1793 4556 1861 4626 h)
1886 4551 1966 4608 iba·
2034 4551 2179 4630 seris
2198 4548 2485 4605 iumentum
2514 4549 2575 4602 C.
2673 4550 2728 4617 e)
2753 4548 2978 4621 adpones
3010 4545 3074 4599 G.
3172 4537 3205 4594 f
3209 4540 3232 4610 )
3270 4548 3485 4618 corn-um
3517 4531 3582 4585 C·

432 4642 548 4681 oni.
570 4626 635 4684 C.
687 4621 737 4693 i)
759 4639 875 4676 cnm
893 4622 1069 4696 puleio
1088 4626 1151 4680 C.
1176 4623 1342 4699 (cum)
1369 4623 1469 4681 inc
1483 4627 1644 4686 etiam
1660 4631 1717 4686 S.
1774 4628 1821 4698 Ι)
1847 4644 1963 4684 cuna
2045 4629 2106 4704 g)
2132 4637 2186 4680 et
2214 4620 2313 4680 insi
2347 4624 2409 4678 C.
2477 4621 2542 4692 h)
2568 4620 2780 4677 duriori
2804 4622 3086 4675 edomatur
3106 4611 3218 4668 cibo
3251 4610 3309 4666 C.
3383 4612 3433 4678 ι)
3461 4618 3590 4678 1¹¹⁶·

427 4697 685 4754 minito
717 4696 780 4752 C·
806 4697 1003 4751 ‘We
1040 4697 1104 4755 F·
1217 4701 1299 4768 m)
1319 4697 1458 4753 hm
1477 4699 1568 4828 ἤι’
1595 4703 1861 4778 potionem
1901 4702 1962 4760 C.
2042 4717 2144 4776 que
2164 4697 2263 4755 ins.
2289 4697 2348 4754 C.
2455 4697 2508 4769 Ι)
2534 4695 2588 4752 ei
2614 4714 2730 4752 orn.
2761 4694 2825 4749 C.
2941 4694 3023 4762 m)
3048 4687 3181 4762 repl.
3213 4683 3372 4771 SOM.
3423 4677 3593 4766 mal-eg

429 4773 497 4845 ι)
520 4770 593 4828 fic
620 4790 725 4847 pto
758 4769 1179 4835 chamaemelum.
1255 4772 1478 4828 cemomi
1541 4793 1579 4828 n
1611 4774 1857 4848 Illy-icon
1890 4777 1957 4835 C.
2044 4776 2111 4845 n)
2128 4771 2345 4850 potione
2371 4770 2435 4828 C.
2533 4769 2598 4841 o)
2622 4767 2795 4826 Acori
2815 4763 3034 4823 Pontice·
3065 4764 3126 4819 C.
3187 4758 3333 4817 'Irm
3374 4756 3590 4841 Pontfct

430 4848 495 4921 o)
532 4864 649 4904 om.
696 4846 758 4902 C.
811 4842 943 4899 item
976 4844 1217 4920 nostrate
1250 4845 1407 4904 coni.
1450 4848 1695 4925 Morgag.
1732 4852 1831 4920 W,
1869 4869 1959 4923 40.
2044 4865 2136 4904 vn.
2166 4866 2217 4918 4.
2244 4847 2302 4902 S.
2316 4845 2401 4902 M.
2522 4847 2546 4918 )
2571 4840 2767 4899 calami
2791 4838 3003 4912 Syriaci
3026 4839 3083 4894 S.
3108 4835 3195 4891 M.
3261 4830 3366 4913 dal.
3404 4829 3590 4915 Syfa-

429 4923 497 4994 p)
507 4917 778 4995 striaurae
793 4918 987 4995 pedum
1004 4922 1063 4976 C.
1138 4925 1204 4999 q)
1269 4915 1393 4992 aefflo
1405 4934 1520 4995 atq·
1542 4941 1652 4980 om.
1670 4926 1729 4981 C.
1806 4929 1855 4995 r)
1879 4928 1963 4981 le·
2043 4922 2145 4982 tici
2166 4936 2287 4977 mc.
2323 4938 2344 4977 ι
2360 4938 2381 4975 1
2396 4936 2420 4976 ι
2502 4956 2518 4972 .
2547 4916 2736 4993 gallae
2761 4913 3014 4987 Syriacae
3050 4907 3226 4999 §amsa
3297 4905 3382 5034 ,2)
3412 4921 3485 4958 '²¹¹
3508 4917 3593 4956 θ’·

427 4994 811 5066 eryt-rabuntur
833 4993 899 5049 C.
1016 4995 1066 5066 a)
1084 5008 1222 5070 pree
1242 5010 1331 5074 epe
1361 4992 1634 5060 incumbit,
1676 4999 1873 5053 dormJt
1900 5001 1961 5056 C.
2045 4996 2125 5054 bis
2150 4996 2211 5052 C.
2303 4996 2355 5066 r)
2381 5011 2498 5048 cum
2534 4995 2598 5050 C.
2689 4993 2742 5059 s)
2834 5000 2948 5043 tum
2977 4984 3034 5042 C.
3125 4987 3176 5055 t)
3201 4978 3312 5065 cel(
3343 4995 3430 5033 ΒΜ
3444 5013 3462 5039 ο
3486 4971 3599 5050 s‘d

426 5067 476 5138 t)
501 5068 653 5122 totus'
658 5070 717 5125 C.
793 5065 857 5137 u)
884 5068 1191 5144 contusam
1208 5075 1267 5132 C.
1341 5072 1401 5143 x)
1425 5068 1467 5126 ι’.
1483 5088 1530 5125 e.
1533 5065 1760 5155 [εζηωκ.
1775 5069 1879 5126 ins.
1902 5071 1961 5128 C.
2045 5069 2295 5144 tepidum.
2369 5070 2437 5136 u)
2451 5076 2649 5140 parum
2677 5063 2690 5076 ’
2812 5062 2894 5124 C..
2910 5064 3003 5140 (et
3024 5056 3264 5139 puram)
3292 5051 3402 5110 m-s.
3436 5049 3488 5105 S.
3502 5045 3590 5104 M.

429 5140 493 5218 y)
523 5138 597 5200 fic
619 5141 777 5203 EM.
800 5140 955 5203 SM.
980 5158 1040 5202 et
1065 5146 1125 5203 C.
1160 5147 1265 5210 nifi
1291 5146 1450 5226 quod
1470 5138 1724 5205 muctam
1748 5143 1964 5222 legunt·
2044 5146 2104 5249 x)
2132 5140 2442 5205 excitandus
2474 5141 2540 5199 C.
3207 5202 3238 5279 [
3249 5197 3314 5257 c·
3347 5191 3537 5257 m
3562 5186 3592 5265 3
