<?xml version="1.0" encoding="UTF-8"?>
<!DOCTYPE html PUBLIC "-//W3C//DTD XHTML 1.0 Transitional//EN"
    "http://www.w3.org/TR/xhtml1/DTD/xhtml1-transitional.dtd">
<html xmlns="http://www.w3.org/1999/xhtml" xml:lang="en" lang="en">
 <head>
  <title>
</title>
<meta http-equiv="Content-Type" content="text/html;charset=utf-8" />
  <meta name='ocr-system' content='tesseract 3.04.00' />
  <meta name='ocr-capabilities' content='ocr_page ocr_carea ocr_par ocr_line ocrx_word'/>
</head>
<body>
  <div class='ocr_page' id='page_1' title='image "./scriptoresreiru00ernegoog_0090.png"; bbox 0 0 4942 6167; ppageno 0'>
   <div class='ocr_carea' id='block_1_1' title="bbox 1348 393 3922 498">
    <p class='ocr_par' dir='ltr' id='par_1_1' title="bbox 1348 393 3922 498">
     <span class='ocr_line' id='line_1_1' title="bbox 1348 393 3922 498; baseline -0.005 -18"><span class='ocrx_word' id='word_1_1' title='bbox 1348 409 1451 482; x_wconf 77' lang='lat'>66</span> <span class='ocrx_word' id='word_1_2' title='bbox 1788 393 1797 398; x_wconf 42' lang='lat'>⁸</span> <span class='ocrx_word' id='word_1_3' title='bbox 1870 399 2756 498; x_wconf 34' lang='lat' dir='ltr'>PALL&#39;ADII&#39;LIB.</span> <span class='ocrx_word' id='word_1_4' title='bbox 2803 398 2951 469; x_wconf 85' lang='lat'>111.</span> <span class='ocrx_word' id='word_1_5' title='bbox 3000 399 3251 476; x_wconf 82' lang='lat' dir='ltr'><strong>TIT.</strong></span> <span class='ocrx_word' id='word_1_6' title='bbox 3306 399 3594 474; x_wconf 84' lang='lat' dir='ltr'><strong>XXIIL</strong></span> <span class='ocrx_word' id='word_1_7' title='bbox 3644 399 3922 470; x_wconf 85' lang='lat' dir='ltr'>XXIV.</span> 
     </span>
    </p>
   </div>
   <div class='ocr_carea' id='block_1_2' title="bbox 1351 559 4510 906">
    <p class='ocr_par' dir='ltr' id='par_1_2' title="bbox 1351 559 4510 906">
     <span class='ocr_line' id='line_1_2' title="bbox 1351 559 4510 690; baseline -0 -27"><span class='ocrx_word' id='word_1_8' title='bbox 1351 615 1530 690; x_wconf 86' lang='lat' dir='ltr'>opus</span> <span class='ocrx_word' id='word_1_9' title='bbox 1572 583 1669 661; x_wconf 81' lang='lat' dir='ltr'>est</span> <span class='ocrx_word' id='word_1_10' title='bbox 1710 559 2043 686; x_wconf 85' lang='lat' dir='ltr'>deputare</span> <span class='ocrx_word' id='word_1_11' title='bbox 2080 587 2417 672; x_wconf 75' lang='lat' dir='ltr'>cannetis3</span> <span class='ocrx_word' id='word_1_12' title='bbox 2475 580 2528 657; x_wconf 82' lang='lat' dir='ltr'>fi</span> <span class='ocrx_word' id='word_1_13' title='bbox 2571 583 2815 677; x_wconf 79' lang='lat' dir='ltr'>frigida</span> <span class='ocrx_word' id='word_1_14' title='bbox 2853 587 3051 678; x_wconf 82' lang='lat' dir='ltr'>regio</span> <span class='ocrx_word' id='word_1_15' title='bbox 3099 581 3226 673; x_wconf 85' lang='lat' dir='ltr'>est,</span> <span class='ocrx_word' id='word_1_16' title='bbox 3293 582 3462 662; x_wconf 71' lang='lat' dir='ltr'>loeis</span> <span class='ocrx_word' id='word_1_17' title='bbox 3503 581 3746 688; x_wconf 79' lang='lat' dir='ltr'>mediis</span> <span class='ocrx_word' id='word_1_18' title='bbox 3804 579 4268 675; x_wconf 62' lang='lat' dir='ltr'>instituamus,</span> <span class='ocrx_word' id='word_1_19' title='bbox 4337 567 4510 670; x_wconf 58' lang='lat' dir='ltr'>sed}</span> 
     </span>
     <span class='ocr_line' id='line_1_3' title="bbox 1351 683 4508 788; baseline -0.001 -23"><span class='ocrx_word' id='word_1_20' title='bbox 1351 691 1552 766; x_wconf 77' lang='lat' dir='ltr'>succo</span> <span class='ocrx_word' id='word_1_21' title='bbox 1578 689 1889 763; x_wconf 82' lang='lat' dir='ltr'>villarum</span> <span class='ocrx_word' id='word_1_22' title='bbox 1912 687 2209 762; x_wconf 67' lang='lat' dir='ltr'>subditis:</span> <span class='ocrx_word' id='word_1_23' title='bbox 2310 692 2502 759; x_wconf 87' lang='lat' dir='ltr'>Inter</span> <span class='ocrx_word' id='word_1_24' title='bbox 2534 687 2706 759; x_wconf 86' lang='lat' dir='ltr'>haec</span> <span class='ocrx_word' id='word_1_25' title='bbox 2730 687 3202 786; x_wconf 71' lang='lat' dir='ltr'>asparagorum</span> <span class='ocrx_word' id='word_1_26' title='bbox 3245 688 3450 760; x_wconf 80' lang='lat' dir='ltr'>etiam</span> <span class='ocrx_word' id='word_1_27' title='bbox 3489 686 3742 758; x_wconf 85' lang='lat' dir='ltr'>semina</span> <span class='ocrx_word' id='word_1_28' title='bbox 3778 685 4091 785; x_wconf 82' lang='lat' dir='ltr'>spargere</span> <span class='ocrx_word' id='word_1_29' title='bbox 4136 683 4508 788; x_wconf 76' lang='lat' dir='ltr'>possumus,</span> 
     </span>
     <span class='ocr_line' id='line_1_4' title="bbox 1354 786 4504 906; baseline 0 -41"><span class='ocrx_word' id='word_1_30' title='bbox 1354 807 1432 865; x_wconf 83' lang='lat' dir='ltr'>vt</span> <span class='ocrx_word' id='word_1_31' title='bbox 1456 788 1646 862; x_wconf 81' lang='lat' dir='ltr'>mista</span> <span class='ocrx_word' id='word_1_32' title='bbox 1670 792 2038 878; x_wconf 81' lang='lat' dir='ltr'>nascantur,</span> <span class='ocrx_word' id='word_1_33' title='bbox 2085 792 2240 887; x_wconf 81' lang='lat' dir='ltr'>quia</span> <span class='ocrx_word' id='word_1_34' title='bbox 2266 803 2342 859; x_wconf 90' lang='lat' dir='ltr'>et</span> <span class='ocrx_word' id='word_1_35' title='bbox 2380 789 2673 887; x_wconf 79' lang='lat' dir='ltr'>asparagi</span> <span class='ocrx_word' id='word_1_36' title='bbox 2703 787 3041 874; x_wconf 79' lang='lat' dir='ltr'>coluntur,</span> <span class='ocrx_word' id='word_1_37' title='bbox 3072 805 3144 860; x_wconf 87' lang='lat' dir='ltr'>et</span> <span class='ocrx_word' id='word_1_38' title='bbox 3169 786 3630 860; x_wconf 84' lang='lat' dir='ltr'>incenduntur</span> <span class='ocrx_word' id='word_1_39' title='bbox 3657 813 3742 859; x_wconf 88' lang='lat' dir='ltr'>eo</span> <span class='ocrx_word' id='word_1_40' title='bbox 3768 793 3962 862; x_wconf 85' lang='lat' dir='ltr'>more</span> <span class='ocrx_word' id='word_1_41' title='bbox 3987 791 4033 906; x_wconf 44' lang='lat'>¹².</span> <span class='ocrx_word' id='word_1_42' title='bbox 4057 815 4201 888; x_wconf 88' lang='lat' dir='ltr'>quo</span> <span class='ocrx_word' id='word_1_43' title='bbox 4227 815 4504 872; x_wconf 66' lang='lat' dir='ltr'>cannaes</span> 
     </span>
    </p>
   </div>
   <div class='ocr_carea' id='block_1_3' title="bbox 1252 885 4506 1092">
    <p class='ocr_par' dir='ltr' id='par_1_3' title="bbox 1252 885 4506 1092">
     <span class='ocr_line' id='line_1_5' title="bbox 1252 885 4505 990; baseline -0.001 -21"><span class='ocrx_word' id='word_1_44' title='bbox 1252 919 1300 969; x_wconf 80' lang='lat'>2</span> <span class='ocrx_word' id='word_1_45' title='bbox 1357 892 1491 965; x_wconf 80' lang='lat' dir='ltr'>Sed</span> <span class='ocrx_word' id='word_1_46' title='bbox 1514 890 1565 963; x_wconf 85' lang='lat' dir='ltr'>fi</span> <span class='ocrx_word' id='word_1_47' title='bbox 1582 893 1747 965; x_wconf 84' lang='lat' dir='ltr'>sunt</span> <span class='ocrx_word' id='word_1_48' title='bbox 1777 895 2050 990; x_wconf 83' lang='lat' dir='ltr'>antiqua</span> <span class='ocrx_word' id='word_1_49' title='bbox 2074 906 2390 977; x_wconf 86' lang='lat' dir='ltr'>canneta,</span> <span class='ocrx_word' id='word_1_50' title='bbox 2424 890 2564 961; x_wconf 88' lang='lat' dir='ltr'>hoc</span> <span class='ocrx_word' id='word_1_51' title='bbox 2586 904 2899 988; x_wconf 78' lang='lat' dir='ltr'>tempore</span> <span class='ocrx_word' id='word_1_52' title='bbox 2925 890 3285 962; x_wconf 78' lang='lat' dir='ltr'>sarrientur</span> <span class='ocrx_word' id='word_1_53' title='bbox 3303 944 3322 976; x_wconf 94' lang='lat'>,</span> <span class='ocrx_word' id='word_1_54' title='bbox 3352 885 3571 961; x_wconf 82' lang='lat' dir='ltr'>recifis</span> <span class='ocrx_word' id='word_1_55' title='bbox 3605 913 3780 987; x_wconf 84' lang='lat' dir='ltr'>quae</span> <span class='ocrx_word' id='word_1_56' title='bbox 3800 891 3871 961; x_wconf 90' lang='lat' dir='ltr'>in</span> <span class='ocrx_word' id='word_1_57' title='bbox 3898 890 4122 966; x_wconf 73' lang='lat' dir='ltr'>radice</span> <span class='ocrx_word' id='word_1_58' title='bbox 4150 891 4505 989; x_wconf 72' lang='lat' dir='ltr'>purganda</span> 
     </span>
     <span class='ocr_line' id='line_1_6' title="bbox 1358 986 4506 1092; baseline -0.001 -24"><span class='ocrx_word' id='word_1_59' title='bbox 1358 996 1543 1080; x_wconf 82' lang='lat' dir='ltr'>sunt,</span> <span class='ocrx_word' id='word_1_60' title='bbox 1605 991 1677 1064; x_wconf 90' lang='lat' dir='ltr'>id</span> <span class='ocrx_word' id='word_1_61' title='bbox 1715 992 1811 1065; x_wconf 87' lang='lat' dir='ltr'>est</span> <span class='ocrx_word' id='word_1_62' title='bbox 1848 990 2193 1092; x_wconf 70' lang='lat' dir='ltr'>putribus,</span> <span class='ocrx_word' id='word_1_63' title='bbox 2244 991 2420 1064; x_wconf 82' lang='lat' dir='ltr'>male</span> <span class='ocrx_word' id='word_1_64' title='bbox 2467 987 2828 1089; x_wconf 71' lang='lat' dir='ltr'>porrestis,</span> <span class='ocrx_word' id='word_1_65' title='bbox 2894 1006 2967 1062; x_wconf 83' lang='lat' dir='ltr'>et</span> <span class='ocrx_word' id='word_1_66' title='bbox 3008 986 3194 1088; x_wconf 78' lang='lat' dir='ltr'>{iqua</span> <span class='ocrx_word' id='word_1_67' title='bbox 3243 988 3573 1083; x_wconf 76' lang='lat' dir='ltr'>gignendi</span> <span class='ocrx_word' id='word_1_68' title='bbox 3611 990 3850 1062; x_wconf 79' lang='lat' dir='ltr'>oculos</span> <span class='ocrx_word' id='word_1_69' title='bbox 3894 1017 4037 1066; x_wconf 88' lang='lat' dir='ltr'>non</span> <span class='ocrx_word' id='word_1_70' title='bbox 4079 992 4430 1066; x_wconf 83' lang='lat' dir='ltr'>habebunt</span> <span class='ocrx_word' id='word_1_71' title='bbox 4458 1004 4506 1064; x_wconf 72' lang='lat'>⁶.</span> 
     </span>
    </p>
   </div>
   <div class='ocr_carea' id='block_1_4' title="bbox 1000 1089 4656 1294">
    <p class='ocr_par' dir='ltr' id='par_1_4' title="bbox 1000 1089 4656 1294">
     <span class='ocr_line' id='line_1_7' title="bbox 1258 1089 4656 1192; baseline -0.001 -22"><span class='ocrx_word' id='word_1_72' title='bbox 1258 1179 1265 1186; x_wconf 52' lang='lat'>‚</span> <span class='ocrx_word' id='word_1_73' title='bbox 1356 1098 1576 1170; x_wconf 87' lang='lat' dir='ltr'>Nunc</span> <span class='ocrx_word' id='word_1_74' title='bbox 1602 1094 1808 1168; x_wconf 74' lang='lat' dir='ltr'>salicis</span> <span class='ocrx_word' id='word_1_75' title='bbox 1837 1096 2126 1192; x_wconf 60' lang='lat' dir='ltr'>plantam,</span> <span class='ocrx_word' id='word_1_76' title='bbox 2169 1107 2242 1164; x_wconf 84' lang='lat' dir='ltr'>et</span> <span class='ocrx_word' id='word_1_77' title='bbox 2271 1093 2584 1166; x_wconf 81' lang='lat' dir='ltr'>omnium</span> <span class='ocrx_word' id='word_1_78' title='bbox 2615 1116 2979 1186; x_wconf 85' lang='lat' dir='ltr'>generum,</span> <span class='ocrx_word' id='word_1_79' title='bbox 3027 1115 3202 1189; x_wconf 88' lang='lat' dir='ltr'>quae</span> <span class='ocrx_word' id='word_1_80' title='bbox 3228 1089 3497 1166; x_wconf 82' lang='lat' dir='ltr'>arbusto</span> <span class='ocrx_word' id='word_1_81' title='bbox 3529 1090 3965 1190; x_wconf 72' lang='lat' dir='ltr'><strong>applicandae</strong></span> <span class='ocrx_word' id='word_1_82' title='bbox 4003 1095 4193 1192; x_wconf 80' lang='lat' dir='ltr'>sunt,</span> <span class='ocrx_word' id='word_1_83' title='bbox 4211 1094 4354 1168; x_wconf 58' lang='lat' dir='ltr'>:vel</span> <span class='ocrx_word' id='word_1_84' title='bbox 4383 1117 4503 1186; x_wconf 59' lang='lat' dir='ltr'>gez</span> <span class='ocrx_word' id='word_1_85' title='bbox 4633 1171 4656 1191; x_wconf 34' lang='grc' dir='ltr'><em>ὁ</em></span> 
     </span>
     <span class='ocr_line' id='line_1_8' title="bbox 1000 1191 4504 1294; baseline 0 -27"><span class='ocrx_word' id='word_1_86' title='bbox 1000 1229 1007 1236; x_wconf 91' lang='grc'><em>·</em></span> <span class='ocrx_word' id='word_1_87' title='bbox 1114 1231 1123 1240; x_wconf 90' lang='grc'><em>·</em></span> <span class='ocrx_word' id='word_1_88' title='bbox 1252 1267 1273 1294; x_wconf 47' lang='lat'>⁴</span> <span class='ocrx_word' id='word_1_89' title='bbox 1357 1193 1582 1269; x_wconf 86' lang='lat' dir='ltr'>nestae</span> <span class='ocrx_word' id='word_1_90' title='bbox 1610 1200 1659 1282; x_wconf 70' lang='lat'>⁶¹,</span> <span class='ocrx_word' id='word_1_91' title='bbox 1712 1194 1862 1282; x_wconf 83' lang='lat' dir='ltr'>(vbi</span> <span class='ocrx_word' id='word_1_92' title='bbox 1891 1194 2140 1287; x_wconf 87' lang='lat' dir='ltr'>deerit)</span> <span class='ocrx_word' id='word_1_93' title='bbox 2173 1191 2564 1272; x_wconf 84' lang='lat' dir='ltr'>obruemus.</span> <span class='ocrx_word' id='word_1_94' title='bbox 2659 1191 3002 1268; x_wconf 77' lang='lat' dir='ltr'>Exbaccis</span> <span class='ocrx_word' id='word_1_95' title='bbox 3046 1195 3254 1268; x_wconf 72' lang='lat' dir='ltr'>etiam</span> <span class='ocrx_word' id='word_1_96' title='bbox 3295 1197 3514 1294; x_wconf 81' lang='lat' dir='ltr'>myrti</span> <span class='ocrx_word' id='word_1_97' title='bbox 3551 1207 3626 1266; x_wconf 84' lang='lat' dir='ltr'>et</span> <span class='ocrx_word' id='word_1_98' title='bbox 3661 1193 3866 1284; x_wconf 76' lang='lat' dir='ltr'>lauri,</span> <span class='ocrx_word' id='word_1_99' title='bbox 3919 1195 4267 1274; x_wconf 68' lang='lat' dir='ltr'>seminaria</span> <span class='ocrx_word' id='word_1_100' title='bbox 4305 1195 4504 1280; x_wconf 36' lang='lat' dir='ltr'>facie-1,</span> 
     </span>
    </p>
   </div>
   <div class='ocr_carea' id='block_1_5' title="bbox 1358 1291 2596 1386">
    <p class='ocr_par' dir='ltr' id='par_1_5' title="bbox 1358 1291 2596 1386">
     <span class='ocr_line' id='line_1_9' title="bbox 1358 1291 2596 1386; baseline -0.003 -16"><span class='ocrx_word' id='word_1_101' title='bbox 1358 1320 1513 1370; x_wconf 89' lang='lat' dir='ltr'>mus</span> <span class='ocrx_word' id='word_1_102' title='bbox 1529 1352 1549 1386; x_wconf 94' lang='lat'>,</span> <span class='ocrx_word' id='word_1_103' title='bbox 1605 1294 1714 1370; x_wconf 82' lang='lat' dir='ltr'>vel</span> <span class='ocrx_word' id='word_1_104' title='bbox 1742 1291 1790 1366; x_wconf 82' lang='lat' dir='ltr'>fi</span> <span class='ocrx_word' id='word_1_105' title='bbox 1828 1294 2133 1382; x_wconf 84' lang='lat' dir='ltr'>fuerant,</span> <span class='ocrx_word' id='word_1_106' title='bbox 2186 1295 2596 1367; x_wconf 64' lang='lat' dir='ltr'>excole‘mus.</span> 
     </span>
    </p>
   </div>
   <div class='ocr_carea' id='block_1_6' title="bbox 1355 1429 4604 1851">
    <p class='ocr_par' dir='ltr' id='par_1_6' title="bbox 1355 1429 4604 1851">
     <span class='ocr_line' id='line_1_10' title="bbox 1560 1429 4604 1550; baseline 0 -29"><span class='ocrx_word' id='word_1_107' title='bbox 1560 1454 1622 1521; x_wconf 85' lang='lat' dir='ltr'>X</span> <span class='ocrx_word' id='word_1_108' title='bbox 1636 1452 1840 1521; x_wconf 86' lang='lat' dir='ltr'><strong>XIV.</strong></span> <span class='ocrx_word' id='word_1_109' title='bbox 1941 1476 1983 1522; x_wconf 83' lang='lat' dir='ltr'>c</span> <span class='ocrx_word' id='word_1_110' title='bbox 2002 1476 2031 1520; x_wconf 87' lang='lat'>1</span> <span class='ocrx_word' id='word_1_111' title='bbox 2054 1477 2097 1521; x_wconf 70' lang='lat' dir='ltr'>a</span> <span class='ocrx_word' id='word_1_112' title='bbox 2120 1475 2160 1521; x_wconf 91' lang='lat' dir='ltr'>c</span> <span class='ocrx_word' id='word_1_113' title='bbox 2181 1475 2253 1520; x_wconf 70' lang='lat' dir='ltr'>a.</span> <span class='ocrx_word' id='word_1_114' title='bbox 2280 1447 2440 1524; x_wconf 89' lang='lat' dir='ltr'>Idus</span> <span class='ocrx_word' id='word_1_115' title='bbox 2484 1446 2876 1522; x_wconf 81' lang='lat' dir='ltr'><strong>Februarias</strong></span> <span class='ocrx_word' id='word_1_116' title='bbox 2906 1448 3094 1550; x_wconf 84' lang='lat' dir='ltr'>sepes</span> <span class='ocrx_word' id='word_1_117' title='bbox 3122 1451 3486 1544; x_wconf 79' lang='lat' dir='ltr'>hortorum</span> <span class='ocrx_word' id='word_1_118' title='bbox 3515 1474 3595 1523; x_wconf 83' lang='lat' dir='ltr'>ex</span> <span class='ocrx_word' id='word_1_119' title='bbox 3622 1445 3945 1543; x_wconf 83' lang='lat' dir='ltr'>congesto</span> <span class='ocrx_word' id='word_1_120' title='bbox 3977 1452 4049 1524; x_wconf 91' lang='lat' dir='ltr'>in</span> <span class='ocrx_word' id='word_1_121' title='bbox 4075 1443 4350 1522; x_wconf 79' lang='lat' dir='ltr'>funibus</span> <span class='ocrx_word' id='word_1_122' title='bbox 4375 1448 4497 1548; x_wconf 87' lang='lat' dir='ltr'>spi·</span> <span class='ocrx_word' id='word_1_123' title='bbox 4591 1429 4604 1448; x_wconf 22' lang='grc' dir='ltr'><strong>χ</strong></span> 
     </span>
     <span class='ocr_line' id='line_1_11' title="bbox 1356 1546 4500 1651; baseline -0 -29"><span class='ocrx_word' id='word_1_124' title='bbox 1356 1574 1602 1634; x_wconf 84' lang='lat' dir='ltr'>narum</span> <span class='ocrx_word' id='word_1_125' title='bbox 1644 1551 1900 1622; x_wconf 88' lang='lat' dir='ltr'>semine</span> <span class='ocrx_word' id='word_1_126' title='bbox 1931 1548 2279 1640; x_wconf 69' lang='lat' dir='ltr'>faciendae</span> <span class='ocrx_word' id='word_1_127' title='bbox 2309 1546 2584 1651; x_wconf 89' lang='lat' dir='ltr'>[sunt,]</span> <span class='ocrx_word' id='word_1_128' title='bbox 2623 1546 2796 1622; x_wconf 87' lang='lat' dir='ltr'>ficut</span> <span class='ocrx_word' id='word_1_129' title='bbox 2833 1548 3090 1624; x_wconf 73' lang='lat' dir='ltr'>distum</span> <span class='ocrx_word' id='word_1_130' title='bbox 3135 1549 3260 1641; x_wconf 89' lang='lat' dir='ltr'>est,</span> <span class='ocrx_word' id='word_1_131' title='bbox 3313 1577 3473 1625; x_wconf 88' lang='lat' dir='ltr'>cum</span> <span class='ocrx_word' id='word_1_132' title='bbox 3513 1552 3600 1624; x_wconf 88' lang='lat' dir='ltr'>de</span> <span class='ocrx_word' id='word_1_133' title='bbox 3642 1553 4021 1623; x_wconf 85' lang='lat' dir='ltr'>munimine</span> <span class='ocrx_word' id='word_1_134' title='bbox 4062 1551 4500 1649; x_wconf 79' lang='lat' dir='ltr'>loqueremur</span> 
     </span>
     <span class='ocr_line' id='line_1_12' title="bbox 1355 1647 4497 1750; baseline 0 -27"><span class='ocrx_word' id='word_1_135' title='bbox 1355 1651 1739 1723; x_wconf 86' lang='lat' dir='ltr'>hortorum.</span> <span class='ocrx_word' id='word_1_136' title='bbox 1837 1653 2015 1723; x_wconf 88' lang='lat' dir='ltr'>Item</span> <span class='ocrx_word' id='word_1_137' title='bbox 2044 1649 2291 1723; x_wconf 86' lang='lat' dir='ltr'>Graeci</span> <span class='ocrx_word' id='word_1_138' title='bbox 2315 1650 2556 1723; x_wconf 86' lang='lat' dir='ltr'>dicunt</span> <span class='ocrx_word' id='word_1_139' title='bbox 2585 1650 2672 1721; x_wconf 90' lang='lat' dir='ltr'>de</span> <span class='ocrx_word' id='word_1_140' title='bbox 2703 1647 2904 1723; x_wconf 80' lang='lat' dir='ltr'>craffa</span> <span class='ocrx_word' id='word_1_141' title='bbox 2930 1663 2956 1697; x_wconf 74' lang='lat'>²</span> <span class='ocrx_word' id='word_1_142' title='bbox 2995 1651 3149 1725; x_wconf 89' lang='lat' dir='ltr'>rubi</span> <span class='ocrx_word' id='word_1_143' title='bbox 3175 1658 3361 1748; x_wconf 84' lang='lat' dir='ltr'>virga</span> <span class='ocrx_word' id='word_1_144' title='bbox 3384 1652 3531 1726; x_wconf 86' lang='lat' dir='ltr'>fieri</span> <span class='ocrx_word' id='word_1_145' title='bbox 3552 1651 3804 1725; x_wconf 86' lang='lat' dir='ltr'>debere</span> <span class='ocrx_word' id='word_1_146' title='bbox 3823 1652 4186 1750; x_wconf 77' lang='lat' dir='ltr'>particulas</span> <span class='ocrx_word' id='word_1_147' title='bbox 4204 1707 4223 1741; x_wconf 91' lang='lat'>,</span> <span class='ocrx_word' id='word_1_148' title='bbox 4256 1668 4329 1723; x_wconf 88' lang='lat' dir='ltr'>et</span> <span class='ocrx_word' id='word_1_149' title='bbox 4357 1652 4497 1750; x_wconf 82' lang='lat' dir='ltr'>pal·</span> 
     </span>
     <span class='ocr_line' id='line_1_13' title="bbox 1355 1748 4500 1851; baseline 0 -28"><span class='ocrx_word' id='word_1_150' title='bbox 1355 1748 1651 1823; x_wconf 84' lang='lat' dir='ltr'>maribus</span> <span class='ocrx_word' id='word_1_151' title='bbox 1680 1749 2024 1825; x_wconf 86' lang='lat' dir='ltr'>scrobibus</span> <span class='ocrx_word' id='word_1_152' title='bbox 2056 1752 2288 1840; x_wconf 91' lang='lat' dir='ltr'>obrui,</span> <span class='ocrx_word' id='word_1_153' title='bbox 2318 1768 2392 1824; x_wconf 91' lang='lat' dir='ltr'>et</span> <span class='ocrx_word' id='word_1_154' title='bbox 2415 1751 2721 1851; x_wconf 87' lang='lat' dir='ltr'>quotidie</span> <span class='ocrx_word' id='word_1_155' title='bbox 2748 1748 2800 1840; x_wconf 70' lang='lat' dir='ltr'>b,</span> <span class='ocrx_word' id='word_1_156' title='bbox 2851 1751 3075 1826; x_wconf 88' lang='lat' dir='ltr'>donec</span> <span class='ocrx_word' id='word_1_157' title='bbox 3099 1754 3431 1842; x_wconf 82' lang='lat' dir='ltr'>frondeat,</span> <span class='ocrx_word' id='word_1_158' title='bbox 3473 1750 3760 1826; x_wconf 82' lang='lat' dir='ltr'>foffione</span> <span class='ocrx_word' id='word_1_159' title='bbox 3787 1767 3860 1824; x_wconf 86' lang='lat' dir='ltr'>et</span> <span class='ocrx_word' id='word_1_160' title='bbox 3884 1754 4215 1845; x_wconf 76' lang='lat' dir='ltr'>rigatione</span> <span class='ocrx_word' id='word_1_161' title='bbox 4241 1753 4500 1824; x_wconf 85' lang='lat' dir='ltr'>nutriri.</span> 
     </span>
    </p>
   </div>
   <div class='ocr_carea' id='block_1_7' title="bbox 4919 1211 4924 1774">
    <p class='ocr_par' dir='ltr' id='par_1_7' title="bbox 4919 1211 4924 1774">
     <span class='ocr_line' id='line_1_14' title="bbox 4919 1211 4924 1774; baseline 0 0"><span class='ocrx_word' id='word_1_162' title='bbox 4919 1211 4924 1774; x_wconf 95' lang='lat' dir='ltr'> </span> 
     </span>
    </p>
   </div>
   <div class='ocr_carea' id='block_1_8' title="bbox 1255 1847 4636 1953">
    <p class='ocr_par' dir='ltr' id='par_1_8' title="bbox 1255 1847 4636 1953">
     <span class='ocr_line' id='line_1_15' title="bbox 1255 1847 4636 1953; baseline -0.01 1"><span class='ocrx_word' id='word_1_163' title='bbox 1255 1876 1302 1928; x_wconf 75' lang='lat'><strong>⁹</strong></span> <span class='ocrx_word' id='word_1_164' title='bbox 1355 1856 1519 1925; x_wconf 74' lang='lat' dir='ltr'>H⁰⁰</span> <span class='ocrx_word' id='word_1_165' title='bbox 1544 1852 1774 1924; x_wconf 64' lang='lat' dir='ltr'><strong>mense</strong></span> <span class='ocrx_word' id='word_1_166' title='bbox 1803 1847 2057 1925; x_wconf 50' lang='lat' dir='ltr'>fistuca</span> <span class='ocrx_word' id='word_1_167' title='bbox 2089 1851 2365 1941; x_wconf 68' lang='lat' dir='ltr'>seritur&gt;</span> <span class='ocrx_word' id='word_1_168' title='bbox 2407 1868 2486 1926; x_wconf 76' lang='lat' dir='ltr'>vt</span> <span class='ocrx_word' id='word_1_169' title='bbox 2510 1869 2537 1898; x_wconf 78' lang='lat'>‘²</span> <span class='ocrx_word' id='word_1_170' title='bbox 2575 1850 2782 1951; x_wconf 81' lang='lat' dir='ltr'>poffit</span> <span class='ocrx_word' id='word_1_171' title='bbox 2820 1856 3041 1953; x_wconf 84' lang='lat' dir='ltr'>Aprili</span> <span class='ocrx_word' id='word_1_172' title='bbox 3082 1857 3313 1928; x_wconf 89' lang='lat' dir='ltr'>mense</span> <span class='ocrx_word' id='word_1_173' title='bbox 3352 1854 3710 1927; x_wconf 83' lang='lat' dir='ltr'>transferri.</span> <span class='ocrx_word' id='word_1_174' title='bbox 3809 1858 3987 1926; x_wconf 83' lang='lat' dir='ltr'>Item</span> <span class='ocrx_word' id='word_1_175' title='bbox 4027 1853 4311 1928; x_wconf 81' lang='lat' dir='ltr'>carduus</span> <span class='ocrx_word' id='word_1_176' title='bbox 4349 1854 4500 1926; x_wconf 84' lang='lat' dir='ltr'>seri·</span> <span class='ocrx_word' id='word_1_177' title='bbox 4599 1881 4636 1892; x_wconf 58' lang='grc'>’-</span> 
     </span>
    </p>
   </div>
   <div class='ocr_carea' id='block_1_9' title="bbox 1162 1943 4572 4274">
    <p class='ocr_par' dir='ltr' id='par_1_9' title="bbox 1352 1943 4500 2154">
     <span class='ocr_line' id='line_1_16' title="bbox 1352 1943 4500 2057; baseline -0 -31"><span class='ocrx_word' id='word_1_178' title='bbox 1352 1968 1504 2040; x_wconf 80' lang='lat' dir='ltr'>tur3</span> <span class='ocrx_word' id='word_1_179' title='bbox 1552 1968 1625 2025; x_wconf 87' lang='lat' dir='ltr'>et</span> <span class='ocrx_word' id='word_1_180' title='bbox 1658 1950 2085 2040; x_wconf 86' lang='lat' dir='ltr'>nasturtium,</span> <span class='ocrx_word' id='word_1_181' title='bbox 2132 1967 2204 2025; x_wconf 90' lang='lat' dir='ltr'>et</span> <span class='ocrx_word' id='word_1_182' title='bbox 2230 1952 2691 2042; x_wconf 84' lang='lat' dir='ltr'>coriandrum,</span> <span class='ocrx_word' id='word_1_183' title='bbox 2738 1969 2811 2027; x_wconf 86' lang='lat' dir='ltr'>et</span> <span class='ocrx_word' id='word_1_184' title='bbox 2845 1980 3174 2057; x_wconf 81' lang='lat' dir='ltr'>papauer,</span> <span class='ocrx_word' id='word_1_185' title='bbox 3217 1954 3390 2028; x_wconf 85' lang='lat' dir='ltr'>ficut</span> <span class='ocrx_word' id='word_1_186' title='bbox 3427 1943 3655 2029; x_wconf 77' lang='lat' dir='ltr'>merise</span> <span class='ocrx_word' id='word_1_187' title='bbox 3696 1951 4118 2042; x_wconf 84' lang='lat' dir='ltr'>Nouembri,</span> <span class='ocrx_word' id='word_1_188' title='bbox 4168 1968 4242 2026; x_wconf 88' lang='lat' dir='ltr'>et</span> <span class='ocrx_word' id='word_1_189' title='bbox 4267 1953 4500 2026; x_wconf 85' lang='lat' dir='ltr'>allium</span> 
     </span>
     <span class='ocr_line' id='line_1_17' title="bbox 1355 2050 4499 2154; baseline 0 -29"><span class='ocrx_word' id='word_1_190' title='bbox 1355 2069 1429 2125; x_wconf 90' lang='lat' dir='ltr'>et</span> <span class='ocrx_word' id='word_1_191' title='bbox 1453 2050 1484 2099; x_wconf 82' lang='lat'>‘¹</span> <span class='ocrx_word' id='word_1_192' title='bbox 1524 2055 1844 2154; x_wconf 79' lang='lat' dir='ltr'>vlpicum.</span> <span class='ocrx_word' id='word_1_193' title='bbox 1939 2059 2155 2126; x_wconf 88' lang='lat' dir='ltr'>Nunc</span> <span class='ocrx_word' id='word_1_194' title='bbox 2182 2066 2210 2099; x_wconf 70' lang='lat'>²</span> <span class='ocrx_word' id='word_1_195' title='bbox 2247 2055 2529 2128; x_wconf 83' lang='lat' dir='ltr'>satureia</span> <span class='ocrx_word' id='word_1_196' title='bbox 2552 2057 2791 2130; x_wconf 88' lang='lat' dir='ltr'>seritur</span> <span class='ocrx_word' id='word_1_197' title='bbox 2815 2059 3056 2153; x_wconf 86' lang='lat' dir='ltr'>pingui</span> <span class='ocrx_word' id='word_1_198' title='bbox 3081 2070 3279 2151; x_wconf 79' lang='lat' dir='ltr'>agro,</span> <span class='ocrx_word' id='word_1_199' title='bbox 3325 2081 3469 2130; x_wconf 83' lang='lat' dir='ltr'>non</span> <span class='ocrx_word' id='word_1_200' title='bbox 3496 2053 3892 2143; x_wconf 77' lang='lat' dir='ltr'>stercoratO,</span> <span class='ocrx_word' id='word_1_201' title='bbox 3937 2054 4052 2128; x_wconf 89' lang='lat' dir='ltr'>sed</span> <span class='ocrx_word' id='word_1_202' title='bbox 4082 2059 4342 2153; x_wconf 89' lang='lat' dir='ltr'>aprico,</span> <span class='ocrx_word' id='word_1_203' title='bbox 4386 2054 4499 2126; x_wconf 79' lang='lat' dir='ltr'>vel</span> 
     </span>
    </p>

    <p class='ocr_par' dir='ltr' id='par_1_10' title="bbox 1253 2154 4500 2459">
     <span class='ocr_line' id='line_1_18' title="bbox 1253 2154 4500 2254; baseline -0 -27"><span class='ocrx_word' id='word_1_204' title='bbox 1253 2171 1292 2238; x_wconf 84' lang='lat'><em>3</em></span> <span class='ocrx_word' id='word_1_205' title='bbox 1353 2154 1597 2247; x_wconf 83' lang='lat' dir='ltr'>melius</span> <span class='ocrx_word' id='word_1_206' title='bbox 1625 2159 1792 2227; x_wconf 88' lang='lat' dir='ltr'>mari</span> <span class='ocrx_word' id='word_1_207' title='bbox 1818 2157 2165 2252; x_wconf 78' lang='lat' dir='ltr'>proximo,</span> <span class='ocrx_word' id='word_1_208' title='bbox 2215 2169 2287 2227; x_wconf 81' lang='lat' dir='ltr'>et</span> <span class='ocrx_word' id='word_1_209' title='bbox 2317 2159 2551 2244; x_wconf 88' lang='lat' dir='ltr'>[cum]</span> <span class='ocrx_word' id='word_1_210' title='bbox 2584 2156 2867 2253; x_wconf 89' lang='lat' dir='ltr'>cepullis</span> <span class='ocrx_word' id='word_1_211' title='bbox 2895 2156 3086 2242; x_wconf 84' lang='lat' dir='ltr'>mista</span> <span class='ocrx_word' id='word_1_212' title='bbox 3112 2161 3493 2231; x_wconf 84' lang='lat' dir='ltr'>seminatur.</span> <span class='ocrx_word' id='word_1_213' title='bbox 3594 2163 3757 2230; x_wconf 89' lang='lat' dir='ltr'>Hoc</span> <span class='ocrx_word' id='word_1_214' title='bbox 3782 2158 4240 2230; x_wconf 82' lang='lat' dir='ltr'>etiam‘mense</span> <span class='ocrx_word' id='word_1_215' title='bbox 4267 2154 4500 2254; x_wconf 87' lang='lat' dir='ltr'>cepul·</span> 
     </span>
     <span class='ocr_line' id='line_1_19' title="bbox 1355 2252 4496 2348; baseline 0 -21"><span class='ocrx_word' id='word_1_216' title='bbox 1355 2256 1449 2328; x_wconf 89' lang='lat' dir='ltr'>las</span> <span class='ocrx_word' id='word_1_217' title='bbox 1478 2257 1686 2328; x_wconf 86' lang='lat' dir='ltr'>seres:</span> <span class='ocrx_word' id='word_1_218' title='bbox 1732 2254 1845 2328; x_wconf 88' lang='lat' dir='ltr'>sed</span> <span class='ocrx_word' id='word_1_219' title='bbox 1877 2253 2138 2328; x_wconf 87' lang='lat' dir='ltr'>constat</span> <span class='ocrx_word' id='word_1_220' title='bbox 2163 2269 2238 2326; x_wconf 86' lang='lat' dir='ltr'>et</span> <span class='ocrx_word' id='word_1_221' title='bbox 2260 2280 2422 2330; x_wconf 82' lang='lat' dir='ltr'>vere</span> <span class='ocrx_word' id='word_1_222' title='bbox 2446 2271 2521 2328; x_wconf 84' lang='lat' dir='ltr'>et</span> <span class='ocrx_word' id='word_1_223' title='bbox 2557 2272 2889 2327; x_wconf 86' lang='lat' dir='ltr'>autumno</span> <span class='ocrx_word' id='word_1_224' title='bbox 2935 2254 3069 2329; x_wconf 80' lang='lat' dir='ltr'>effe</span> <span class='ocrx_word' id='word_1_225' title='bbox 3097 2252 3122 2304; x_wconf 73' lang='lat' dir='ltr'>f</span> <span class='ocrx_word' id='word_1_226' title='bbox 3157 2259 3589 2332; x_wconf 82' lang='lat' dir='ltr'>seminandas.</span> <span class='ocrx_word' id='word_1_227' title='bbox 3636 2254 3683 2329; x_wconf 84' lang='lat' dir='ltr'>fi</span> <span class='ocrx_word' id='word_1_228' title='bbox 3723 2259 3952 2331; x_wconf 87' lang='lat' dir='ltr'>semen</span> <span class='ocrx_word' id='word_1_229' title='bbox 3984 2259 4187 2348; x_wconf 73' lang='lat' dir='ltr'>eiusss</span> <span class='ocrx_word' id='word_1_230' title='bbox 4230 2257 4496 2344; x_wconf 87' lang='lat' dir='ltr'>seueris,</span> 
     </span>
     <span class='ocr_line' id='line_1_20' title="bbox 1350 2352 4498 2459; baseline -0.001 -29"><span class='ocrx_word' id='word_1_231' title='bbox 1350 2359 1424 2430; x_wconf 87' lang='lat' dir='ltr'>in</span> <span class='ocrx_word' id='word_1_232' title='bbox 1455 2371 1661 2455; x_wconf 84' lang='lat' dir='ltr'>caput</span> <span class='ocrx_word' id='word_1_233' title='bbox 1692 2352 1724 2401; x_wconf 55' lang='grc' dir='ltr'>ὓ</span> <span class='ocrx_word' id='word_1_234' title='bbox 1762 2356 2028 2443; x_wconf 90' lang='lat' dir='ltr'>crescit,</span> <span class='ocrx_word' id='word_1_235' title='bbox 2058 2371 2132 2427; x_wconf 86' lang='lat' dir='ltr'>et</span> <span class='ocrx_word' id='word_1_236' title='bbox 2160 2359 2388 2428; x_wconf 89' lang='lat' dir='ltr'>minus</span> <span class='ocrx_word' id='word_1_237' title='bbox 2418 2354 2642 2428; x_wconf 86' lang='lat' dir='ltr'>reddit</span> <span class='ocrx_word' id='word_1_238' title='bbox 2664 2360 2738 2430; x_wconf 91' lang='lat' dir='ltr'>in</span> <span class='ocrx_word' id='word_1_239' title='bbox 2764 2358 3051 2429; x_wconf 87' lang='lat' dir='ltr'>semine:</span> <span class='ocrx_word' id='word_1_240' title='bbox 3099 2356 3146 2429; x_wconf 84' lang='lat' dir='ltr'>fi</span> <span class='ocrx_word' id='word_1_241' title='bbox 3178 2363 3556 2458; x_wconf 87' lang='lat' dir='ltr'>capitulum</span> <span class='ocrx_word' id='word_1_242' title='bbox 3580 2385 3797 2459; x_wconf 88' lang='lat' dir='ltr'>ponas</span> <span class='ocrx_word' id='word_1_243' title='bbox 3826 2355 3876 2448; x_wconf 66' lang='grc' dir='ltr'>ἶ,</span> <span class='ocrx_word' id='word_1_244' title='bbox 3922 2358 4140 2458; x_wconf 90' lang='lat' dir='ltr'>ipsum</span> <span class='ocrx_word' id='word_1_245' title='bbox 4165 2358 4498 2446; x_wconf 75' lang='lat' dir='ltr'>inacescit,</span> 
     </span>
    </p>

    <p class='ocr_par' dir='ltr' id='par_1_11' title="bbox 1298 2455 4498 2655">
     <span class='ocr_line' id='line_1_21' title="bbox 1298 2455 4498 2556; baseline 0 -28"><span class='ocrx_word' id='word_1_246' title='bbox 1298 2517 1303 2528; x_wconf 88' lang='lat'><strong>.</strong></span> <span class='ocrx_word' id='word_1_247' title='bbox 1351 2474 1426 2530; x_wconf 86' lang='lat' dir='ltr'>et</span> <span class='ocrx_word' id='word_1_248' title='bbox 1466 2457 1766 2529; x_wconf 87' lang='lat' dir='ltr'>multum</span> <span class='ocrx_word' id='word_1_249' title='bbox 1808 2457 2044 2530; x_wconf 85' lang='lat' dir='ltr'>semen</span> <span class='ocrx_word' id='word_1_250' title='bbox 2086 2455 2334 2529; x_wconf 79' lang='lat' dir='ltr'>educit.</span> <span class='ocrx_word' id='word_1_251' title='bbox 2369 2507 2394 2533; x_wconf 58' lang='lat' dir='ltr'><em>e</em></span> <span class='ocrx_word' id='word_1_252' title='bbox 2435 2462 2726 2530; x_wconf 83' lang='lat' dir='ltr'>Terram</span> <span class='ocrx_word' id='word_1_253' title='bbox 2769 2483 2980 2556; x_wconf 88' lang='lat' dir='ltr'>cepae</span> <span class='ocrx_word' id='word_1_254' title='bbox 3023 2456 3398 2530; x_wconf 82' lang='lat' dir='ltr'>desiderant</span> <span class='ocrx_word' id='word_1_255' title='bbox 3439 2465 3802 2555; x_wconf 77' lang='lat' dir='ltr'>pinguem,</span> <span class='ocrx_word' id='word_1_256' title='bbox 3862 2461 4308 2532; x_wconf 82' lang='lat' dir='ltr'>vehementer</span> <span class='ocrx_word' id='word_1_257' title='bbox 4347 2455 4498 2532; x_wconf 86' lang='lat' dir='ltr'>sub·</span> 
     </span>
     <span class='ocr_line' id='line_1_22' title="bbox 1324 2554 4497 2655; baseline -0.001 -24"><span class='ocrx_word' id='word_1_258' title='bbox 1324 2554 1597 2646; x_wconf 64' lang='lat' dir='ltr'>astam,</span> <span class='ocrx_word' id='word_1_259' title='bbox 1643 2561 1983 2650; x_wconf 86' lang='lat' dir='ltr'>irriguam,</span> <span class='ocrx_word' id='word_1_260' title='bbox 2035 2554 2481 2630; x_wconf 88' lang='lat' dir='ltr'>stercoratam.</span> <span class='ocrx_word' id='word_1_261' title='bbox 2534 2557 2628 2631; x_wconf 90' lang='lat' dir='ltr'>ibi</span> <span class='ocrx_word' id='word_1_262' title='bbox 2652 2585 2836 2632; x_wconf 85' lang='lat' dir='ltr'>areas</span> <span class='ocrx_word' id='word_1_263' title='bbox 2862 2558 3186 2631; x_wconf 85' lang='lat' dir='ltr'>faciemus</span> <span class='ocrx_word' id='word_1_264' title='bbox 3212 2555 3528 2631; x_wconf 88' lang='lat' dir='ltr'>omnibus</span> <span class='ocrx_word' id='word_1_265' title='bbox 3558 2555 3783 2632; x_wconf 85' lang='lat' dir='ltr'>herbis</span> <span class='ocrx_word' id='word_1_266' title='bbox 3812 2573 3885 2629; x_wconf 90' lang='lat' dir='ltr'>et</span> <span class='ocrx_word' id='word_1_267' title='bbox 3913 2558 4133 2628; x_wconf 84' lang='lat' dir='ltr'>radice</span> <span class='ocrx_word' id='word_1_268' title='bbox 4159 2575 4497 2655; x_wconf 82' lang='lat' dir='ltr'>purgatas.</span> 
     </span>
    </p>

    <p class='ocr_par' dir='ltr' id='par_1_12' title="bbox 1162 2655 4500 3355">
     <span class='ocr_line' id='line_1_23' title="bbox 1162 2655 4500 2764; baseline -0 -31"><span class='ocrx_word' id='word_1_269' title='bbox 1162 2693 1170 2708; x_wconf 91' lang='lat'><strong>·</strong></span> <span class='ocrx_word' id='word_1_270' title='bbox 1248 2693 1299 2764; x_wconf 79' lang='lat'>·4</span> <span class='ocrx_word' id='word_1_271' title='bbox 1351 2661 1649 2734; x_wconf 81' lang='lat' dir='ltr'>feremus</span> <span class='ocrx_word' id='word_1_272' title='bbox 1675 2658 1945 2759; x_wconf 87' lang='lat' dir='ltr'>placido</span> <span class='ocrx_word' id='word_1_273' title='bbox 1980 2674 2053 2730; x_wconf 90' lang='lat' dir='ltr'>et</span> <span class='ocrx_word' id='word_1_274' title='bbox 2079 2659 2317 2732; x_wconf 87' lang='lat' dir='ltr'>sereno</span> <span class='ocrx_word' id='word_1_275' title='bbox 2349 2658 2489 2748; x_wconf 88' lang='lat' dir='ltr'>die,</span> <span class='ocrx_word' id='word_1_276' title='bbox 2543 2663 2832 2732; x_wconf 83' lang='lat' dir='ltr'>maxime</span> <span class='ocrx_word' id='word_1_277' title='bbox 2863 2658 3110 2733; x_wconf 89' lang='lat' dir='ltr'>Austro</span> <span class='ocrx_word' id='word_1_278' title='bbox 3150 2660 3259 2730; x_wconf 82' lang='lat' dir='ltr'>vel</span> <span class='ocrx_word' id='word_1_279' title='bbox 3286 2663 3469 2732; x_wconf 88' lang='lat' dir='ltr'>Euro</span> <span class='ocrx_word' id='word_1_280' title='bbox 3498 2655 3833 2732; x_wconf 84' lang='lat' dir='ltr'>flantibus.</span> <span class='ocrx_word' id='word_1_281' title='bbox 3880 2656 3926 2729; x_wconf 85' lang='lat' dir='ltr'>fi</span> <span class='ocrx_word' id='word_1_282' title='bbox 3955 2660 4311 2729; x_wconf 87' lang='lat' dir='ltr'>minuente</span> <span class='ocrx_word' id='word_1_283' title='bbox 4337 2658 4500 2732; x_wconf 84' lang='lat' dir='ltr'>luna</span> 
     </span>
     <span class='ocr_line' id='line_1_24' title="bbox 1350 2754 4494 2859; baseline -0.001 -24"><span class='ocrx_word' id='word_1_284' title='bbox 1350 2761 1684 2849; x_wconf 83' lang='lat' dir='ltr'>serantur,</span> <span class='ocrx_word' id='word_1_285' title='bbox 1736 2777 1983 2832; x_wconf 87' lang='lat' dir='ltr'>tenues</span> <span class='ocrx_word' id='word_1_286' title='bbox 2009 2777 2082 2836; x_wconf 88' lang='lat' dir='ltr'>et</span> <span class='ocrx_word' id='word_1_287' title='bbox 2110 2764 2397 2833; x_wconf 77' lang='lat' dir='ltr'>acriores</span> <span class='ocrx_word' id='word_1_288' title='bbox 2426 2764 2879 2859; x_wconf 88' lang='lat' dir='ltr'>proueniunt:</span> <span class='ocrx_word' id='word_1_289' title='bbox 2930 2756 2980 2830; x_wconf 88' lang='lat' dir='ltr'><strong>fi</strong></span> <span class='ocrx_word' id='word_1_290' title='bbox 3009 2762 3383 2847; x_wconf 86' lang='lat' dir='ltr'>crescente,</span> <span class='ocrx_word' id='word_1_291' title='bbox 3431 2756 3740 2831; x_wconf 80' lang='lat' dir='ltr'>robustae</span> <span class='ocrx_word' id='word_1_292' title='bbox 3773 2774 3844 2829; x_wconf 86' lang='lat' dir='ltr'>et</span> <span class='ocrx_word' id='word_1_293' title='bbox 3882 2760 4129 2858; x_wconf 87' lang='lat' dir='ltr'>saporis</span> <span class='ocrx_word' id='word_1_294' title='bbox 4174 2754 4494 2832; x_wconf 73' lang='lat' dir='ltr'>humeffi.</span> 
     </span>
     <span class='ocr_line' id='line_1_25' title="bbox 1346 2854 4495 2961; baseline -0.001 -24"><span class='ocrx_word' id='word_1_295' title='bbox 1346 2864 1557 2937; x_wconf 84' lang='lat' dir='ltr'>rarius</span> <span class='ocrx_word' id='word_1_296' title='bbox 1584 2861 1741 2934; x_wconf 86' lang='lat' dir='ltr'>sunt</span> <span class='ocrx_word' id='word_1_297' title='bbox 1819 2860 2165 2950; x_wconf 82' lang='lat' dir='ltr'>onendae3</span> <span class='ocrx_word' id='word_1_298' title='bbox 2212 2860 2597 2935; x_wconf 82' lang='lat' dir='ltr'>runcandae</span> <span class='ocrx_word' id='word_1_299' title='bbox 2628 2885 2706 2933; x_wconf 90' lang='lat' dir='ltr'>ac</span> <span class='ocrx_word' id='word_1_300' title='bbox 2735 2858 3168 2934; x_wconf 70' lang='lat' dir='ltr'>sare-ulandae·</span> <span class='ocrx_word' id='word_1_301' title='bbox 3199 2862 3354 2933; x_wconf 91' lang='lat' dir='ltr'>sunt</span> <span class='ocrx_word' id='word_1_302' title='bbox 3381 2854 3417 2904; x_wconf 70' lang='lat'>¹&lt;</span> <span class='ocrx_word' id='word_1_303' title='bbox 3454 2861 3730 2961; x_wconf 80' lang='lat' dir='ltr'>saepius.</span> <span class='ocrx_word' id='word_1_304' title='bbox 3832 2863 3901 2931; x_wconf 86' lang='lat' dir='ltr'>Si</span> <span class='ocrx_word' id='word_1_305' title='bbox 3949 2863 4166 2958; x_wconf 85' lang='lat' dir='ltr'>capita</span> <span class='ocrx_word' id='word_1_306' title='bbox 4203 2862 4495 2933; x_wconf 86' lang='lat' dir='ltr'>volueri-</span> 
     </span>
     <span class='ocr_line' id='line_1_26' title="bbox 1345 2887 4495 3057; baseline -0.001 -20"><span class='ocrx_word' id='word_1_307' title='bbox 1345 2988 1501 3038; x_wconf 78' lang='lat' dir='ltr'>mus</span> <span class='ocrx_word' id='word_1_308' title='bbox 1544 2963 1650 3035; x_wconf 85' lang='lat' dir='ltr'>his</span> <span class='ocrx_word' id='word_1_309' title='bbox 1692 2887 1822 3036; x_wconf 53' lang='lat' dir='ltr'>eliz</span> <span class='ocrx_word' id='word_1_310' title='bbox 1868 2965 2149 3052; x_wconf 79' lang='lat' dir='ltr'>maiora,</span> <span class='ocrx_word' id='word_1_311' title='bbox 2197 2963 2360 3036; x_wconf 86' lang='lat' dir='ltr'>folia</span> <span class='ocrx_word' id='word_1_312' title='bbox 2404 2965 2634 3035; x_wconf 89' lang='lat' dir='ltr'>omnia</span> <span class='ocrx_word' id='word_1_313' title='bbox 2691 2960 3018 3036; x_wconf 89' lang='lat' dir='ltr'>debemus</span> <span class='ocrx_word' id='word_1_314' title='bbox 3061 2961 3354 3050; x_wconf 87' lang='lat' dir='ltr'>auferre,</span> <span class='ocrx_word' id='word_1_315' title='bbox 3409 2965 3563 3057; x_wconf 84' lang='lat' dir='ltr'>[et]</span> <span class='ocrx_word' id='word_1_316' title='bbox 3598 2960 3614 3007; x_wconf 88' lang='lat'><strong>¹</strong></span> <span class='ocrx_word' id='word_1_317' title='bbox 3655 2957 3746 3033; x_wconf 83' lang='lat' dir='ltr'>fic</span> <span class='ocrx_word' id='word_1_318' title='bbox 3784 2962 4020 3034; x_wconf 87' lang='lat' dir='ltr'>succus</span> <span class='ocrx_word' id='word_1_319' title='bbox 4060 2961 4144 3034; x_wconf 88' lang='lat' dir='ltr'>ad</span> <span class='ocrx_word' id='word_1_320' title='bbox 4175 2961 4495 3033; x_wconf 88' lang='lat' dir='ltr'>inferiora</span> 
     </span>
     <span class='ocr_line' id='line_1_27' title="bbox 1346 3060 4491 3165; baseline -0.002 -27"><span class='ocrx_word' id='word_1_321' title='bbox 1346 3080 1666 3159; x_wconf 84' lang='lat' dir='ltr'>cogetur:</span> <span class='ocrx_word' id='word_1_322' title='bbox 1715 3066 1803 3139; x_wconf 86' lang='lat' dir='ltr'>de</span> <span class='ocrx_word' id='word_1_323' title='bbox 1832 3062 2075 3165; x_wconf 89' lang='lat' dir='ltr'>quibus</span> <span class='ocrx_word' id='word_1_324' title='bbox 2098 3090 2261 3139; x_wconf 86' lang='lat' dir='ltr'>vero</span> <span class='ocrx_word' id='word_1_325' title='bbox 2290 3066 2543 3139; x_wconf 85' lang='lat' dir='ltr'>semina</span> <span class='ocrx_word' id='word_1_326' title='bbox 2568 3063 2947 3158; x_wconf 84' lang='lat' dir='ltr'>colligenda</span> <span class='ocrx_word' id='word_1_327' title='bbox 2974 3065 3155 3151; x_wconf 87' lang='lat' dir='ltr'>sunt,</span> <span class='ocrx_word' id='word_1_328' title='bbox 3197 3068 3522 3137; x_wconf 87' lang='lat' dir='ltr'>iuuentur</span> <span class='ocrx_word' id='word_1_329' title='bbox 3549 3074 3598 3108; x_wconf 79' lang='lat'>¹¹²</span> <span class='ocrx_word' id='word_1_330' title='bbox 3641 3060 4057 3136; x_wconf 86' lang='lat' dir='ltr'>adminiculis</span> <span class='ocrx_word' id='word_1_331' title='bbox 4085 3075 4150 3151; x_wconf 82' lang='lat'>¹¹,</span> <span class='ocrx_word' id='word_1_332' title='bbox 4202 3061 4315 3135; x_wconf 85' lang='lat' dir='ltr'>vbi</span> <span class='ocrx_word' id='word_1_333' title='bbox 4343 3088 4491 3134; x_wconf 83' lang='lat' dir='ltr'>cau·</span> 
     </span>
     <span class='ocr_line' id='line_1_28' title="bbox 1346 3159 4492 3266; baseline -0.001 -28"><span class='ocrx_word' id='word_1_334' title='bbox 1346 3167 1487 3239; x_wconf 90' lang='lat' dir='ltr'>lem</span> <span class='ocrx_word' id='word_1_335' title='bbox 1526 3171 1881 3266; x_wconf 85' lang='lat' dir='ltr'>coeperint</span> <span class='ocrx_word' id='word_1_336' title='bbox 1920 3167 2253 3246; x_wconf 67' lang='lat' dir='ltr'>excitare,</span> <span class='ocrx_word' id='word_1_337' title='bbox 2358 3171 2538 3238; x_wconf 88' lang='lat' dir='ltr'>Cum</span> <span class='ocrx_word' id='word_1_338' title='bbox 2580 3168 2776 3258; x_wconf 88' lang='lat' dir='ltr'>niger</span> <span class='ocrx_word' id='word_1_339' title='bbox 2817 3165 3010 3237; x_wconf 93' lang='lat' dir='ltr'>color</span> <span class='ocrx_word' id='word_1_340' title='bbox 3049 3166 3318 3238; x_wconf 88' lang='lat' dir='ltr'>seminis</span> <span class='ocrx_word' id='word_1_341' title='bbox 3356 3159 3618 3254; x_wconf 53' lang='lat' dir='ltr'>fuerit,</span> <span class='ocrx_word' id='word_1_342' title='bbox 3656 3164 4049 3263; x_wconf 87' lang='lat' dir='ltr'>praeferunt</span> <span class='ocrx_word' id='word_1_343' title='bbox 4074 3175 4107 3208; x_wconf 89' lang='lat'><strong>⁰</strong></span> <span class='ocrx_word' id='word_1_344' title='bbox 4151 3166 4492 3235; x_wconf 73' lang='lat' dir='ltr'>maturita-</span> 
     </span>
     <span class='ocr_line' id='line_1_29' title="bbox 1346 3262 4488 3355; baseline -0.001 -16"><span class='ocrx_word' id='word_1_345' title='bbox 1346 3269 1435 3339; x_wconf 81' lang='lat' dir='ltr'>tis</span> <span class='ocrx_word' id='word_1_346' title='bbox 1465 3267 1724 3341; x_wconf 88' lang='lat' dir='ltr'>indicia.</span> <span class='ocrx_word' id='word_1_347' title='bbox 1828 3269 2145 3349; x_wconf 85' lang='lat' dir='ltr'>Vellendi</span> <span class='ocrx_word' id='word_1_348' title='bbox 2172 3269 2328 3342; x_wconf 89' lang='lat' dir='ltr'>sunt</span> <span class='ocrx_word' id='word_1_349' title='bbox 2350 3267 2546 3344; x_wconf 85' lang='lat' dir='ltr'>thalli</span> <span class='ocrx_word' id='word_1_350' title='bbox 2571 3266 2794 3338; x_wconf 88' lang='lat' dir='ltr'>adhuc</span> <span class='ocrx_word' id='word_1_351' title='bbox 2837 3262 3154 3340; x_wconf 81' lang='lat' dir='ltr'>semisicci</span> <span class='ocrx_word' id='word_1_352' title='bbox 3180 3290 3341 3338; x_wconf 89' lang='lat' dir='ltr'>cum</span> <span class='ocrx_word' id='word_1_353' title='bbox 3369 3267 3653 3355; x_wconf 86' lang='lat' dir='ltr'>semine,</span> <span class='ocrx_word' id='word_1_354' title='bbox 3696 3279 3766 3337; x_wconf 92' lang='lat' dir='ltr'>et</span> <span class='ocrx_word' id='word_1_355' title='bbox 3792 3264 3978 3338; x_wconf 76' lang='lat' dir='ltr'>sicin</span> <span class='ocrx_word' id='word_1_356' title='bbox 4007 3265 4146 3339; x_wconf 89' lang='lat' dir='ltr'>sole</span> <span class='ocrx_word' id='word_1_357' title='bbox 4183 3262 4488 3337; x_wconf 82' lang='lat' dir='ltr'>siccandi.</span> 
     </span>
    </p>

    <p class='ocr_par' dir='ltr' id='par_1_13' title="bbox 1250 3365 4540 3672">
     <span class='ocr_line' id='line_1_30' title="bbox 1250 3365 4489 3466; baseline -0.002 -25"><span class='ocrx_word' id='word_1_358' title='bbox 1250 3396 1295 3463; x_wconf 86' lang='grc' dir='ltr'><strong><em>ς</em></strong></span> <span class='ocrx_word' id='word_1_359' title='bbox 1348 3373 1511 3441; x_wconf 92' lang='lat' dir='ltr'>Hoc</span> <span class='ocrx_word' id='word_1_360' title='bbox 1539 3370 1767 3441; x_wconf 88' lang='lat' dir='ltr'>mense</span> <span class='ocrx_word' id='word_1_361' title='bbox 1799 3369 2128 3441; x_wconf 86' lang='lat' dir='ltr'>anethum</span> <span class='ocrx_word' id='word_1_362' title='bbox 2155 3380 2189 3430; x_wconf 80' lang='grc' dir='ltr'>Ρ</span> <span class='ocrx_word' id='word_1_363' title='bbox 2227 3370 2404 3442; x_wconf 84' lang='lat' dir='ltr'>seres</span> <span class='ocrx_word' id='word_1_364' title='bbox 2434 3367 2602 3440; x_wconf 86' lang='lat' dir='ltr'>locis</span> <span class='ocrx_word' id='word_1_365' title='bbox 2633 3366 2910 3460; x_wconf 77' lang='lat' dir='ltr'>frigidis,</span> <span class='ocrx_word' id='word_1_366' title='bbox 3009 3370 3310 3440; x_wconf 88' lang='lat' dir='ltr'>Omnem</span> <span class='ocrx_word' id='word_1_367' title='bbox 3337 3366 3502 3439; x_wconf 87' lang='lat' dir='ltr'>caeli</span> <span class='ocrx_word' id='word_1_368' title='bbox 3529 3366 3772 3440; x_wconf 86' lang='lat' dir='ltr'>statum</span> <span class='ocrx_word' id='word_1_369' title='bbox 3819 3369 4109 3466; x_wconf 79' lang='lat' dir='ltr'>patitur,</span> <span class='ocrx_word' id='word_1_370' title='bbox 4158 3365 4275 3439; x_wconf 87' lang='lat' dir='ltr'>sed</span> <span class='ocrx_word' id='word_1_371' title='bbox 4314 3367 4489 3463; x_wconf 89' lang='lat' dir='ltr'>tepi-</span> 
     </span>
     <span class='ocr_line' id='line_1_31' title="bbox 1346 3465 4487 3567; baseline -0.002 -25"><span class='ocrx_word' id='word_1_372' title='bbox 1346 3467 1537 3542; x_wconf 84' lang='lat' dir='ltr'>diore</span> <span class='ocrx_word' id='word_1_373' title='bbox 1562 3470 1859 3542; x_wconf 84' lang='lat' dir='ltr'>laetatur.</span> <span class='ocrx_word' id='word_1_374' title='bbox 1955 3473 2244 3564; x_wconf 82' lang='lat' dir='ltr'>Rigetur</span> <span class='ocrx_word' id='word_1_375' title='bbox 2268 3482 2323 3558; x_wconf 71' lang='lat' dir='ltr'>q,</span> <span class='ocrx_word' id='word_1_376' title='bbox 2372 3465 2421 3541; x_wconf 84' lang='lat' dir='ltr'>fi</span> <span class='ocrx_word' id='word_1_377' title='bbox 2452 3471 2519 3543; x_wconf 90' lang='lat' dir='ltr'>se</span> <span class='ocrx_word' id='word_1_378' title='bbox 2545 3466 2764 3542; x_wconf 88' lang='lat' dir='ltr'>imber</span> <span class='ocrx_word' id='word_1_379' title='bbox 2789 3465 3126 3541; x_wconf 87' lang='lat' dir='ltr'>abstineat.</span> <span class='ocrx_word' id='word_1_380' title='bbox 3173 3471 3428 3541; x_wconf 90' lang='lat' dir='ltr'>seratur</span> <span class='ocrx_word' id='word_1_381' title='bbox 3475 3472 3702 3541; x_wconf 77' lang='lat' dir='ltr'>rarius.</span> <span class='ocrx_word' id='word_1_382' title='bbox 3805 3468 4035 3567; x_wconf 90' lang='lat' dir='ltr'>Aliqui</span> <span class='ocrx_word' id='word_1_383' title='bbox 4072 3468 4301 3540; x_wconf 88' lang='lat' dir='ltr'>semen</span> <span class='ocrx_word' id='word_1_384' title='bbox 4342 3469 4487 3537; x_wconf 82' lang='lat' dir='ltr'>eius</span> 
     </span>
     <span class='ocr_line' id='line_1_32' title="bbox 1341 3563 4540 3672; baseline -0.002 -27"><span class='ocrx_word' id='word_1_385' title='bbox 1341 3596 1486 3645; x_wconf 89' lang='lat' dir='ltr'>non</span> <span class='ocrx_word' id='word_1_386' title='bbox 1514 3570 1845 3660; x_wconf 86' lang='lat' dir='ltr'>obruunt,</span> <span class='ocrx_word' id='word_1_387' title='bbox 1899 3574 2256 3672; x_wconf 88' lang='lat' dir='ltr'>opinantes</span> <span class='ocrx_word' id='word_1_388' title='bbox 2287 3570 2475 3669; x_wconf 92' lang='lat' dir='ltr'>quod</span> <span class='ocrx_word' id='word_1_389' title='bbox 2502 3599 2539 3643; x_wconf 88' lang='lat' dir='ltr'>a</span> <span class='ocrx_word' id='word_1_390' title='bbox 2565 3571 2751 3644; x_wconf 87' lang='lat' dir='ltr'>nulla</span> <span class='ocrx_word' id='word_1_391' title='bbox 2791 3596 2918 3643; x_wconf 86' lang='lat' dir='ltr'>aue</span> <span class='ocrx_word' id='word_1_392' title='bbox 2958 3585 3290 3663; x_wconf 86' lang='lat' dir='ltr'>tangatur.</span> <span class='ocrx_word' id='word_1_393' title='bbox 3392 3574 3610 3644; x_wconf 89' lang='lat' dir='ltr'>Nunc</span> <span class='ocrx_word' id='word_1_394' title='bbox 3643 3584 3714 3641; x_wconf 91' lang='lat' dir='ltr'>et</span> <span class='ocrx_word' id='word_1_395' title='bbox 3752 3565 3962 3667; x_wconf 78' lang='lat' dir='ltr'>sinapi</span> <span class='ocrx_word' id='word_1_396' title='bbox 4008 3568 4225 3641; x_wconf 87' lang='lat' dir='ltr'>serere</span> <span class='ocrx_word' id='word_1_397' title='bbox 4265 3563 4487 3664; x_wconf 83' lang='lat' dir='ltr'>poffu·</span> <span class='ocrx_word' id='word_1_398' title='bbox 4523 3639 4540 3647; x_wconf 80' lang='grc'><strong>,</strong></span> 
     </span>
    </p>

    <p class='ocr_par' dir='ltr' id='par_1_14' title="bbox 1200 3665 4572 3872">
     <span class='ocr_line' id='line_1_33' title="bbox 1200 3665 4572 3768; baseline -0.001 -24"><span class='ocrx_word' id='word_1_399' title='bbox 1200 3691 1209 3698; x_wconf 79' lang='grc'><em>“</em></span> <span class='ocrx_word' id='word_1_400' title='bbox 1341 3698 1496 3744; x_wconf 87' lang='lat' dir='ltr'>mus</span> <span class='ocrx_word' id='word_1_401' title='bbox 1526 3686 1568 3744; x_wconf 78' lang='lat'>¹.</span> <span class='ocrx_word' id='word_1_402' title='bbox 1664 3678 1828 3745; x_wconf 88' lang='lat' dir='ltr'>Hoc</span> <span class='ocrx_word' id='word_1_403' title='bbox 1854 3677 2058 3746; x_wconf 86' lang='lat' dir='ltr'>etiam</span> <span class='ocrx_word' id='word_1_404' title='bbox 2092 3672 2322 3745; x_wconf 87' lang='lat' dir='ltr'>mense</span> <span class='ocrx_word' id='word_1_405' title='bbox 2350 3673 2575 3743; x_wconf 82' lang='lat' dir='ltr'>caules</span> <span class='ocrx_word' id='word_1_406' title='bbox 2620 3674 2955 3757; x_wconf 87' lang='lat' dir='ltr'>seremus,</span> <span class='ocrx_word' id='word_1_407' title='bbox 3003 3674 3122 3768; x_wconf 89' lang='lat' dir='ltr'>qui</span> <span class='ocrx_word' id='word_1_408' title='bbox 3165 3687 3238 3742; x_wconf 89' lang='lat' dir='ltr'>et</span> <span class='ocrx_word' id='word_1_409' title='bbox 3280 3686 3434 3743; x_wconf 88' lang='lat' dir='ltr'>toto</span> <span class='ocrx_word' id='word_1_410' title='bbox 3477 3695 3655 3744; x_wconf 87' lang='lat' dir='ltr'>anno</span> <span class='ocrx_word' id='word_1_411' title='bbox 3699 3670 3822 3742; x_wconf 87' lang='lat' dir='ltr'>seri</span> <span class='ocrx_word' id='word_1_412' title='bbox 3862 3665 4154 3768; x_wconf 80' lang='lat' dir='ltr'>poss&#39;unt.</span> <span class='ocrx_word' id='word_1_413' title='bbox 4214 3667 4435 3741; x_wconf 88' lang='lat' dir='ltr'>solum</span> <span class='ocrx_word' id='word_1_414' title='bbox 4461 3678 4485 3711; x_wconf 86' lang='lat'>⁸</span> <span class='ocrx_word' id='word_1_415' title='bbox 4565 3691 4572 3698; x_wconf 88' lang='lat'><strong>·</strong></span> 
     </span>
     <span class='ocr_line' id='line_1_34' title="bbox 1341 3768 4483 3872; baseline -0.001 -29"><span class='ocrx_word' id='word_1_416' title='bbox 1341 3776 1603 3872; x_wconf 83' lang='lat' dir='ltr'>pingue</span> <span class='ocrx_word' id='word_1_417' title='bbox 1634 3790 1706 3843; x_wconf 88' lang='lat' dir='ltr'>et</span> <span class='ocrx_word' id='word_1_418' title='bbox 1732 3774 1881 3844; x_wconf 90' lang='lat' dir='ltr'>satis</span> <span class='ocrx_word' id='word_1_419' title='bbox 1908 3768 2257 3843; x_wconf 69' lang='lat' dir='ltr'>subastum</span> <span class='ocrx_word' id='word_1_420' title='bbox 2284 3770 2614 3861; x_wconf 83' lang='lat' dir='ltr'>diligunt:</span> <span class='ocrx_word' id='word_1_421' title='bbox 2662 3771 2965 3861; x_wconf 87' lang='lat' dir='ltr'>argillam</span> <span class='ocrx_word' id='word_1_422' title='bbox 2993 3780 3015 3814; x_wconf 69' lang='lat'><strong>²</strong></span> <span class='ocrx_word' id='word_1_423' title='bbox 3050 3785 3122 3840; x_wconf 91' lang='lat' dir='ltr'>et</span> <span class='ocrx_word' id='word_1_424' title='bbox 3154 3772 3448 3863; x_wconf 80' lang='lat' dir='ltr'>glaream</span> <span class='ocrx_word' id='word_1_425' title='bbox 3479 3776 3761 3844; x_wconf 87' lang='lat' dir='ltr'>timent:</span> <span class='ocrx_word' id='word_1_426' title='bbox 3814 3769 4133 3844; x_wconf 80' lang='lat' dir='ltr'>sabulone</span> <span class='ocrx_word' id='word_1_427' title='bbox 4162 3785 4234 3843; x_wconf 84' lang='lat' dir='ltr'>et</span> <span class='ocrx_word' id='word_1_428' title='bbox 4265 3771 4483 3841; x_wconf 83' lang='lat' dir='ltr'>arenis</span> 
     </span>
    </p>

    <p class='ocr_par' dir='ltr' id='par_1_15' title="bbox 1244 3866 4487 4274">
     <span class='ocr_line' id='line_1_35' title="bbox 1244 3866 4484 3970; baseline -0 -27"><span class='ocrx_word' id='word_1_429' title='bbox 1244 3883 1291 3952; x_wconf 82' lang='grc'><strong><em>6</em></strong></span> <span class='ocrx_word' id='word_1_430' title='bbox 1345 3897 1488 3943; x_wconf 88' lang='lat' dir='ltr'>non</span> <span class='ocrx_word' id='word_1_431' title='bbox 1519 3869 1971 3958; x_wconf 63' lang='lat' dir='ltr'>delefihntur,</span> <span class='ocrx_word' id='word_1_432' title='bbox 2022 3866 2141 3940; x_wconf 83' lang='lat' dir='ltr'>nifi</span> <span class='ocrx_word' id='word_1_433' title='bbox 2171 3873 2490 3966; x_wconf 85' lang='lat' dir='ltr'>perennis</span> <span class='ocrx_word' id='word_1_434' title='bbox 2516 3868 2694 3940; x_wconf 86' lang='lat' dir='ltr'>vnda</span> <span class='ocrx_word' id='word_1_435' title='bbox 2724 3871 3080 3941; x_wconf 83' lang='lat' dir='ltr'>succurrat.</span> <span class='ocrx_word' id='word_1_436' title='bbox 3186 3874 3488 3950; x_wconf 87' lang='lat' dir='ltr'>Omnem</span> <span class='ocrx_word' id='word_1_437' title='bbox 3511 3871 3674 3945; x_wconf 85' lang='lat' dir='ltr'>caeli</span> <span class='ocrx_word' id='word_1_438' title='bbox 3711 3867 3951 3944; x_wconf 87' lang='lat' dir='ltr'>statum</span> <span class='ocrx_word' id='word_1_439' title='bbox 3979 3872 4182 3944; x_wconf 82' lang='lat' dir='ltr'>caulis</span> <span class='ocrx_word' id='word_1_440' title='bbox 4210 3872 4484 3970; x_wconf 85' lang='lat' dir='ltr'>patitur,</span> 
     </span>
     <span class='ocr_line' id='line_1_36' title="bbox 1340 3966 4483 4073; baseline 0 -30"><span class='ocrx_word' id='word_1_441' title='bbox 1340 3969 1664 4064; x_wconf 81' lang='lat' dir='ltr'>frigidum</span> <span class='ocrx_word' id='word_1_442' title='bbox 1691 3973 1924 4060; x_wconf 85' lang='lat' dir='ltr'>magis.</span> <span class='ocrx_word' id='word_1_443' title='bbox 2006 3974 2264 4040; x_wconf 88' lang='lat' dir='ltr'>Contra</span> <span class='ocrx_word' id='word_1_444' title='bbox 2286 3966 2581 4040; x_wconf 84' lang='lat' dir='ltr'>austrum</span> <span class='ocrx_word' id='word_1_445' title='bbox 2608 3966 2808 4068; x_wconf 77' lang='lat' dir='ltr'>positi</span> <span class='ocrx_word' id='word_1_446' title='bbox 2835 3972 3031 4042; x_wconf 89' lang='lat' dir='ltr'>citius</span> <span class='ocrx_word' id='word_1_447' title='bbox 3058 3970 3326 4060; x_wconf 87' lang='lat' dir='ltr'>ferunt;</span> <span class='ocrx_word' id='word_1_448' title='bbox 3379 3989 3615 4046; x_wconf 86' lang='lat' dir='ltr'>contra</span> <span class='ocrx_word' id='word_1_449' title='bbox 3641 3973 4205 4073; x_wconf 85' lang='lat' dir='ltr'>septentrionem,</span> <span class='ocrx_word' id='word_1_450' title='bbox 4256 3972 4483 4044; x_wconf 73' lang='lat' dir='ltr'>serius.</span> 
     </span>
     <span class='ocr_line' id='line_1_37' title="bbox 1342 4069 4487 4175; baseline 0 -31"><span class='ocrx_word' id='word_1_451' title='bbox 1342 4070 1480 4144; x_wconf 87' lang='lat' dir='ltr'>Sed</span> <span class='ocrx_word' id='word_1_452' title='bbox 1502 4070 1617 4143; x_wconf 89' lang='lat' dir='ltr'>hic</span> <span class='ocrx_word' id='word_1_453' title='bbox 1657 4086 1728 4142; x_wconf 91' lang='lat' dir='ltr'>et</span> <span class='ocrx_word' id='word_1_454' title='bbox 1743 4070 1978 4169; x_wconf 85' lang='lat' dir='ltr'>sapore</span> <span class='ocrx_word' id='word_1_455' title='bbox 2005 4069 2208 4141; x_wconf 81' lang='lat' dir='ltr'>caulis</span> <span class='ocrx_word' id='word_1_456' title='bbox 2236 4071 2446 4142; x_wconf 88' lang='lat' dir='ltr'>vincit</span> <span class='ocrx_word' id='word_1_457' title='bbox 2471 4084 2546 4142; x_wconf 90' lang='lat' dir='ltr'>et</span> <span class='ocrx_word' id='word_1_458' title='bbox 2574 4069 2824 4144; x_wconf 90' lang='lat' dir='ltr'>robore</span> <span class='ocrx_word' id='word_1_459' title='bbox 2849 4082 2904 4142; x_wconf 80' lang='lat'>¹¹.</span> <span class='ocrx_word' id='word_1_460' title='bbox 2963 4072 3154 4146; x_wconf 88' lang='lat' dir='ltr'>cliuis</span> <span class='ocrx_word' id='word_1_461' title='bbox 3179 4069 3578 4165; x_wconf 61' lang='lat' dir='ltr'>deleantur,</span> <span class='ocrx_word' id='word_1_462' title='bbox 3608 4089 3679 4149; x_wconf 85' lang='lat' dir='ltr'>et</span> <span class='ocrx_word' id='word_1_463' title='bbox 3707 4085 3738 4118; x_wconf 85' lang='lat'>¹</span> <span class='ocrx_word' id='word_1_464' title='bbox 3763 4073 3918 4148; x_wconf 90' lang='lat' dir='ltr'>ideo</span> <span class='ocrx_word' id='word_1_465' title='bbox 3946 4072 4305 4175; x_wconf 88' lang='lat' dir='ltr'>ponendae</span> <span class='ocrx_word' id='word_1_466' title='bbox 4331 4070 4487 4145; x_wconf 87' lang='lat' dir='ltr'>sunt</span> 
     </span>
     <span class='ocr_line' id='line_1_38' title="bbox 4211 4175 4481 4274; baseline -0.007 -27"><span class='ocrx_word' id='word_1_467' title='bbox 4211 4175 4481 4274; x_wconf 77' lang='lat' dir='ltr'>plantae</span> 
     </span>
    </p>
   </div>
   <div class='ocr_carea' id='block_1_10' title="bbox 1327 4278 4608 4729">
    <p class='ocr_par' dir='ltr' id='par_1_16' title="bbox 1327 4278 4608 4730">
     <span class='ocr_line' id='line_1_39' title="bbox 1592 4278 4608 4360; baseline 0.002 -22"><span class='ocrx_word' id='word_1_468' title='bbox 1592 4281 1665 4339; x_wconf 84' lang='lat' dir='ltr'>T.</span> <span class='ocrx_word' id='word_1_469' title='bbox 1692 4281 1912 4358; x_wconf 73' lang='lat' dir='ltr'>xxm]</span> <span class='ocrx_word' id='word_1_470' title='bbox 1990 4281 2043 4355; x_wconf 85' lang='lat' dir='ltr'>a)</span> <span class='ocrx_word' id='word_1_471' title='bbox 2059 4278 2331 4359; x_wconf 75' lang='lat' dir='ltr'>sedfiecco</span> <span class='ocrx_word' id='word_1_472' title='bbox 2355 4279 2610 4340; x_wconf 61' lang='lat' dir='ltr'>vinorum</span> <span class='ocrx_word' id='word_1_473' title='bbox 2628 4280 2862 4360; x_wconf 69' lang='lat' dir='ltr'>snbch&#39;tis</span> <span class='ocrx_word' id='word_1_474' title='bbox 2884 4280 3086 4343; x_wconf 73' lang='lat' dir='ltr'>desum</span> <span class='ocrx_word' id='word_1_475' title='bbox 3109 4286 3179 4343; x_wconf 81' lang='lat' dir='ltr'>P.</span> <span class='ocrx_word' id='word_1_476' title='bbox 3263 4286 3325 4356; x_wconf 90' lang='lat' dir='ltr'>b)</span> <span class='ocrx_word' id='word_1_477' title='bbox 3349 4284 3445 4342; x_wconf 68' lang='lat' dir='ltr'>boc</span> <span class='ocrx_word' id='word_1_478' title='bbox 3466 4283 3637 4360; x_wconf 79' lang='lat' dir='ltr'>mense</span> <span class='ocrx_word' id='word_1_479' title='bbox 3663 4285 3722 4341; x_wconf 78' lang='grc' dir='ltr'>Ε.</span> <span class='ocrx_word' id='word_1_480' title='bbox 3806 4283 3863 4356; x_wconf 86' lang='lat' dir='ltr'>c)</span> <span class='ocrx_word' id='word_1_481' title='bbox 3884 4283 4080 4342; x_wconf 72' lang='lat' dir='ltr'>babent</span> <span class='ocrx_word' id='word_1_482' title='bbox 4105 4283 4167 4344; x_wconf 80' lang='lat' dir='ltr'>B.</span> <span class='ocrx_word' id='word_1_483' title='bbox 4244 4283 4307 4357; x_wconf 84' lang='lat' dir='ltr'>d)</span> <span class='ocrx_word' id='word_1_484' title='bbox 4320 4297 4485 4357; x_wconf 75' lang='lat' dir='ltr'>gene·</span> <span class='ocrx_word' id='word_1_485' title='bbox 4599 4339 4608 4344; x_wconf 88' lang='lat'>-</span> 
     </span>
     <span class='ocr_line' id='line_1_40' title="bbox 1327 4354 4483 4433; baseline -0 -23"><span class='ocrx_word' id='word_1_486' title='bbox 1327 4354 1452 4433; x_wconf 71' lang='lat' dir='ltr'>flas</span> <span class='ocrx_word' id='word_1_487' title='bbox 1477 4356 1502 4430; x_wconf 92' lang='grc'>(</span> <span class='ocrx_word' id='word_1_488' title='bbox 1512 4373 1553 4409; x_wconf 86' lang='lat' dir='ltr'><em>v</em></span> <span class='ocrx_word' id='word_1_489' title='bbox 1583 4356 1608 4410; x_wconf 78' lang='grc' dir='ltr'>ι’</span> <span class='ocrx_word' id='word_1_490' title='bbox 1631 4356 1893 4428; x_wconf 76' lang='lat' dir='ltr'>deerunt)</span> <span class='ocrx_word' id='word_1_491' title='bbox 1920 4359 1967 4413; x_wconf 82' lang='lat'>1.</span> <span class='ocrx_word' id='word_1_492' title='bbox 1995 4360 2041 4413; x_wconf 86' lang='lat' dir='ltr'>J.</span> <span class='ocrx_word' id='word_1_493' title='bbox 2060 4389 2136 4402; x_wconf 91' lang='grc'>--</span> <span class='ocrx_word' id='word_1_494' title='bbox 2156 4358 2224 4415; x_wconf 88' lang='lat' dir='ltr'>G.</span> <span class='ocrx_word' id='word_1_495' title='bbox 2444 4359 2515 4414; x_wconf 89' lang='lat' dir='ltr'>T.</span> <span class='ocrx_word' id='word_1_496' title='bbox 2549 4355 2785 4430; x_wconf 69' lang='lat' dir='ltr'>xxm]</span> <span class='ocrx_word' id='word_1_497' title='bbox 2853 4356 3110 4432; x_wconf 48' lang='lat' dir='ltr'>&amp;pff</span> <span class='ocrx_word' id='word_1_498' title='bbox 3135 4360 3215 4415; x_wconf 78' lang='lat' dir='ltr'>Lu</span> <span class='ocrx_word' id='word_1_499' title='bbox 3251 4363 3302 4415; x_wconf 83' lang='lat' dir='ltr'>d.</span> <span class='ocrx_word' id='word_1_500' title='bbox 3321 4361 3382 4415; x_wconf 77' lang='lat' dir='ltr'>E.</span> <span class='ocrx_word' id='word_1_501' title='bbox 3459 4360 3518 4431; x_wconf 81' lang='lat' dir='ltr'>b)</span> <span class='ocrx_word' id='word_1_502' title='bbox 3543 4356 3737 4413; x_wconf 74' lang='lat' dir='ltr'>cotidie</span> <span class='ocrx_word' id='word_1_503' title='bbox 3764 4357 3935 4431; x_wconf 71' lang='lat' dir='ltr'>Luget.</span> <span class='ocrx_word' id='word_1_504' title='bbox 4013 4358 4067 4429; x_wconf 85' lang='lat' dir='ltr'>c)</span> <span class='ocrx_word' id='word_1_505' title='bbox 4092 4371 4160 4413; x_wconf 79' lang='lat' dir='ltr'>ve</span> <span class='ocrx_word' id='word_1_506' title='bbox 4181 4385 4228 4403; x_wconf 85' lang='lat'>-·</span> <span class='ocrx_word' id='word_1_507' title='bbox 4254 4359 4483 4420; x_wconf 65' lang='lat' dir='ltr'>tardans</span> 
     </span>
     <span class='ocr_line' id='line_1_41' title="bbox 1328 4377 4480 4510; baseline -0 -24"><span class='ocrx_word' id='word_1_508' title='bbox 1328 4428 1542 4509; x_wconf 79' lang='lat' dir='ltr'>seritur</span> <span class='ocrx_word' id='word_1_509' title='bbox 1567 4428 1768 4487; x_wconf 84' lang='lat' dir='ltr'>desunt</span> <span class='ocrx_word' id='word_1_510' title='bbox 1790 4431 1858 4486; x_wconf 78' lang='lat' dir='ltr'>P.</span> <span class='ocrx_word' id='word_1_511' title='bbox 1948 4430 2015 4510; x_wconf 64' lang='lat' dir='ltr'>⁴d)</span> <span class='ocrx_word' id='word_1_512' title='bbox 2046 4444 2100 4487; x_wconf 76' lang='lat' dir='ltr'>et</span> <span class='ocrx_word' id='word_1_513' title='bbox 2124 4429 2352 4508; x_wconf 77' lang='lat' dir='ltr'>vlpe‘cm</span> <span class='ocrx_word' id='word_1_514' title='bbox 2418 4432 2527 4489; x_wconf 86' lang='lat' dir='ltr'>eest</span> <span class='ocrx_word' id='word_1_515' title='bbox 2548 4431 2614 4489; x_wconf 90' lang='lat' dir='ltr'>P.</span> <span class='ocrx_word' id='word_1_516' title='bbox 2652 4432 2748 4487; x_wconf 84' lang='lat' dir='ltr'>vel</span> <span class='ocrx_word' id='word_1_517' title='bbox 2765 4432 2812 4487; x_wconf 85' lang='grc' dir='ltr'>Ι.</span> <span class='ocrx_word' id='word_1_518' title='bbox 2841 4433 2906 4489; x_wconf 86' lang='lat' dir='ltr'>B.</span> <span class='ocrx_word' id='word_1_519' title='bbox 2928 4432 2990 4488; x_wconf 84' lang='lat' dir='ltr'>R.</span> <span class='ocrx_word' id='word_1_520' title='bbox 3086 4436 3144 4504; x_wconf 83' lang='lat' dir='ltr'>e)</span> <span class='ocrx_word' id='word_1_521' title='bbox 3171 4377 3316 4487; x_wconf 59' lang='lat'>150191</span> <span class='ocrx_word' id='word_1_522' title='bbox 3347 4433 3409 4488; x_wconf 87' lang='grc' dir='ltr'>Ε.</span> <span class='ocrx_word' id='word_1_523' title='bbox 3510 4431 3573 4503; x_wconf 87' lang='lat' dir='ltr'>f)</span> <span class='ocrx_word' id='word_1_524' title='bbox 3601 4429 3695 4505; x_wconf 74' lang='lat' dir='ltr'>ff·</span> <span class='ocrx_word' id='word_1_525' title='bbox 3723 4449 3836 4487; x_wconf 90' lang='lat' dir='ltr'>om.</span> <span class='ocrx_word' id='word_1_526' title='bbox 3872 4433 3935 4488; x_wconf 87' lang='lat' dir='ltr'>P.</span> <span class='ocrx_word' id='word_1_527' title='bbox 4030 4434 4089 4508; x_wconf 85' lang='lat' dir='ltr'>g)</span> <span class='ocrx_word' id='word_1_528' title='bbox 4115 4449 4298 4486; x_wconf 69' lang='lat' dir='ltr'>emm</span> <span class='ocrx_word' id='word_1_529' title='bbox 4321 4427 4480 4486; x_wconf 84' lang='lat' dir='ltr'>coni.</span> 
     </span>
     <span class='ocr_line' id='line_1_42' title="bbox 1340 4501 4480 4592; baseline 0 -35"><span class='ocrx_word' id='word_1_530' title='bbox 1340 4506 1469 4563; x_wconf 76' lang='lat' dir='ltr'>Mor</span> <span class='ocrx_word' id='word_1_531' title='bbox 1507 4544 1522 4559; x_wconf 92' lang='lat'><strong>.</strong></span> <span class='ocrx_word' id='word_1_532' title='bbox 1553 4506 1600 4569; x_wconf 86' lang='lat' dir='ltr'>l,</span> <span class='ocrx_word' id='word_1_533' title='bbox 1626 4515 1718 4574; x_wconf 81' lang='lat'>84.</span> <span class='ocrx_word' id='word_1_534' title='bbox 1787 4501 1851 4576; x_wconf 81' lang='lat' dir='ltr'>h)</span> <span class='ocrx_word' id='word_1_535' title='bbox 1874 4506 2046 4592; x_wconf 73' lang='lat' dir='ltr'>capite</span> <span class='ocrx_word' id='word_1_536' title='bbox 2072 4505 2137 4563; x_wconf 88' lang='lat' dir='ltr'>P.</span> <span class='ocrx_word' id='word_1_537' title='bbox 2182 4515 2186 4520; x_wconf 77' lang='grc'><strong><em>’</em></strong></span> <span class='ocrx_word' id='word_1_538' title='bbox 2234 4505 2280 4576; x_wconf 87' lang='lat' dir='ltr'>i)</span> <span class='ocrx_word' id='word_1_539' title='bbox 2300 4519 2468 4583; x_wconf 80' lang='lat' dir='ltr'>ponas</span> <span class='ocrx_word' id='word_1_540' title='bbox 2489 4504 2764 4581; x_wconf 70' lang='lat' dir='ltr'>moreest-it</span> <span class='ocrx_word' id='word_1_541' title='bbox 2789 4506 2852 4563; x_wconf 84' lang='lat' dir='ltr'>P.</span> <span class='ocrx_word' id='word_1_542' title='bbox 2879 4507 2943 4561; x_wconf 84' lang='lat' dir='ltr'>E.</span> <span class='ocrx_word' id='word_1_543' title='bbox 3039 4503 3252 4579; x_wconf 62' lang='lat' dir='ltr'>losum</span> <span class='ocrx_word' id='word_1_544' title='bbox 3275 4523 3386 4561; x_wconf 88' lang='lat' dir='ltr'>om.</span> <span class='ocrx_word' id='word_1_545' title='bbox 3416 4505 3486 4560; x_wconf 87' lang='lat' dir='ltr'>P.</span> <span class='ocrx_word' id='word_1_546' title='bbox 3583 4504 3633 4578; x_wconf 85' lang='lat' dir='ltr'>l)</span> <span class='ocrx_word' id='word_1_547' title='bbox 3661 4519 3717 4561; x_wconf 76' lang='lat' dir='ltr'>ee</span> <span class='ocrx_word' id='word_1_548' title='bbox 3747 4521 3860 4561; x_wconf 88' lang='lat' dir='ltr'>om.</span> <span class='ocrx_word' id='word_1_549' title='bbox 3889 4506 3951 4560; x_wconf 84' lang='lat' dir='ltr'>E.</span> <span class='ocrx_word' id='word_1_550' title='bbox 4044 4505 4126 4576; x_wconf 87' lang='lat' dir='ltr'>m)</span> <span class='ocrx_word' id='word_1_551' title='bbox 4150 4504 4385 4561; x_wconf 67' lang='lat' dir='ltr'>fuaemus</span> <span class='ocrx_word' id='word_1_552' title='bbox 4409 4504 4480 4560; x_wconf 72' lang='lat' dir='ltr'>P.</span> 
     </span>
     <span class='ocr_line' id='line_1_43' title="bbox 1336 4574 4481 4655; baseline -0.001 -19"><span class='ocrx_word' id='word_1_553' title='bbox 1336 4581 1403 4648; x_wconf 66' lang='grc' dir='ltr'>εἰ)</span> <span class='ocrx_word' id='word_1_554' title='bbox 1456 4596 1504 4634; x_wconf 77' lang='grc' dir='ltr'>ιε</span> <span class='ocrx_word' id='word_1_555' title='bbox 1533 4577 1698 4650; x_wconf 79' lang='lat' dir='ltr'><em>Lugd.</em></span> <span class='ocrx_word' id='word_1_556' title='bbox 1725 4577 1985 4635; x_wconf 76' lang='lat' dir='ltr'>amminec.</span> <span class='ocrx_word' id='word_1_557' title='bbox 2027 4577 2129 4635; x_wconf 83' lang='lat' dir='ltr'>reli</span> <span class='ocrx_word' id='word_1_558' title='bbox 2173 4577 2245 4636; x_wconf 87' lang='lat' dir='ltr'>ui.</span> <span class='ocrx_word' id='word_1_559' title='bbox 2344 4581 2406 4652; x_wconf 90' lang='lat' dir='ltr'>o)</span> <span class='ocrx_word' id='word_1_560' title='bbox 2423 4581 2750 4655; x_wconf 77' lang='lat' dir='ltr'>praeferunt</span> <span class='ocrx_word' id='word_1_561' title='bbox 2777 4598 2892 4642; x_wconf 77' lang='lat' dir='ltr'>om.</span> <span class='ocrx_word' id='word_1_562' title='bbox 2932 4579 2999 4634; x_wconf 86' lang='lat' dir='ltr'>P.</span> <span class='ocrx_word' id='word_1_563' title='bbox 3094 4579 3156 4652; x_wconf 88' lang='lat' dir='ltr'>p)</span> <span class='ocrx_word' id='word_1_564' title='bbox 3189 4574 3259 4633; x_wconf 81' lang='lat' dir='ltr'>fic</span> <span class='ocrx_word' id='word_1_565' title='bbox 3284 4577 3446 4651; x_wconf 77' lang='lat' dir='ltr'>Lngd.</span> <span class='ocrx_word' id='word_1_566' title='bbox 3468 4593 3681 4633; x_wconf 71' lang='lat' dir='ltr'>anetum</span> <span class='ocrx_word' id='word_1_567' title='bbox 3708 4577 3810 4635; x_wconf 81' lang='lat' dir='ltr'>rel.</span> <span class='ocrx_word' id='word_1_568' title='bbox 3906 4578 3969 4654; x_wconf 91' lang='lat' dir='ltr'>q)</span> <span class='ocrx_word' id='word_1_569' title='bbox 3997 4577 4258 4651; x_wconf 72' lang='lat' dir='ltr'>Regitur,</span> <span class='ocrx_word' id='word_1_570' title='bbox 4291 4578 4360 4648; x_wconf 76' lang='lat' dir='ltr'><em>fi</em></span> <span class='ocrx_word' id='word_1_571' title='bbox 4373 4590 4481 4632; x_wconf 72' lang='lat' dir='ltr'>m</span> 
     </span>
     <span class='ocr_line' id='line_1_44' title="bbox 1328 4597 4476 4729; baseline -0.001 -22"><span class='ocrx_word' id='word_1_572' title='bbox 1328 4650 1560 4729; x_wconf 56' lang='lat' dir='ltr'>piverim</span> <span class='ocrx_word' id='word_1_573' title='bbox 1583 4649 1699 4726; x_wconf 84' lang='lat' dir='ltr'>ser.</span> <span class='ocrx_word' id='word_1_574' title='bbox 1726 4652 1790 4706; x_wconf 87' lang='lat' dir='ltr'>P.</span> <span class='ocrx_word' id='word_1_575' title='bbox 1891 4654 1942 4720; x_wconf 84' lang='lat' dir='ltr'>r)</span> <span class='ocrx_word' id='word_1_576' title='bbox 1970 4649 2098 4726; x_wconf 70' lang='lat' dir='ltr'>pff</span> <span class='ocrx_word' id='word_1_577' title='bbox 2119 4597 2191 4709; x_wconf 60' lang='grc' dir='ltr'>ἕο·</span> <span class='ocrx_word' id='word_1_578' title='bbox 2213 4656 2403 4720; x_wconf 73' lang='lat' dir='ltr'>caules,</span> <span class='ocrx_word' id='word_1_579' title='bbox 2435 4654 2531 4727; x_wconf 76' lang='lat' dir='ltr'>qui</span> <span class='ocrx_word' id='word_1_580' title='bbox 2565 4667 2678 4710; x_wconf 78' lang='lat' dir='ltr'>toto</span> <span class='ocrx_word' id='word_1_581' title='bbox 2705 4652 2785 4722; x_wconf 15' lang='lat' dir='ltr'>KP.</span> <span class='ocrx_word' id='word_1_582' title='bbox 2897 4654 2951 4720; x_wconf 85' lang='lat' dir='ltr'>s)</span> <span class='ocrx_word' id='word_1_583' title='bbox 3006 4653 3086 4707; x_wconf 87' lang='lat' dir='ltr'>olo</span> <span class='ocrx_word' id='word_1_584' title='bbox 3103 4650 3298 4727; x_wconf 72' lang='lat' dir='ltr'>pingui</span> <span class='ocrx_word' id='word_1_585' title='bbox 3315 4663 3372 4706; x_wconf 81' lang='lat' dir='ltr'>et</span> <span class='ocrx_word' id='word_1_586' title='bbox 3386 4648 3473 4728; x_wconf 71' lang='lat' dir='ltr'>sn.</span> <span class='ocrx_word' id='word_1_587' title='bbox 3485 4651 3704 4728; x_wconf 60' lang='lat' dir='ltr'>suba&amp;</span> <span class='ocrx_word' id='word_1_588' title='bbox 3743 4653 3812 4709; x_wconf 75' lang='lat' dir='ltr'>P.</span> <span class='ocrx_word' id='word_1_589' title='bbox 3920 4653 3966 4724; x_wconf 79' lang='lat' dir='ltr'>t)</span> <span class='ocrx_word' id='word_1_590' title='bbox 4000 4669 4222 4708; x_wconf 68' lang='lat' dir='ltr'>ereum</span> <span class='ocrx_word' id='word_1_591' title='bbox 4243 4654 4296 4709; x_wconf 83' lang='grc' dir='ltr'>Ι.</span> <span class='ocrx_word' id='word_1_592' title='bbox 4323 4653 4387 4709; x_wconf 86' lang='grc' dir='ltr'>Β.</span> <span class='ocrx_word' id='word_1_593' title='bbox 4410 4650 4476 4707; x_wconf 72' lang='lat' dir='ltr'>R.</span> 
     </span>
    </p>
   </div>
   <div class='ocr_carea' id='block_1_11' title="bbox 1337 4723 2994 4810">
    <p class='ocr_par' dir='ltr' id='par_1_17' title="bbox 1337 4723 2994 4810">
     <span class='ocr_line' id='line_1_45' title="bbox 1337 4723 2994 4810; baseline -0.001 -30"><span class='ocrx_word' id='word_1_594' title='bbox 1337 4726 1403 4810; x_wconf 64' lang='lat' dir='ltr'>u)</span> <span class='ocrx_word' id='word_1_595' title='bbox 1425 4725 1616 4780; x_wconf 76' lang='lat' dir='ltr'>rubore</span> <span class='ocrx_word' id='word_1_596' title='bbox 1629 4764 1648 4790; x_wconf 88' lang='lat'>,</span> <span class='ocrx_word' id='word_1_597' title='bbox 1683 4723 1779 4799; x_wconf 75' lang='lat' dir='ltr'>qus·</span> <span class='ocrx_word' id='word_1_598' title='bbox 1796 4725 1948 4794; x_wconf 53' lang='lat' dir='ltr'>cauis</span> <span class='ocrx_word' id='word_1_599' title='bbox 1970 4727 2036 4783; x_wconf 85' lang='lat' dir='ltr'>P.</span> <span class='ocrx_word' id='word_1_600' title='bbox 2113 4732 2174 4799; x_wconf 76' lang='lat' dir='ltr'>x)</span> <span class='ocrx_word' id='word_1_601' title='bbox 2198 4740 2254 4782; x_wconf 77' lang='lat' dir='ltr'>et</span> <span class='ocrx_word' id='word_1_602' title='bbox 2274 4726 2391 4782; x_wconf 77' lang='lat' dir='ltr'>ideo</span> <span class='ocrx_word' id='word_1_603' title='bbox 2413 4759 2464 4773; x_wconf 91' lang='lat'>--</span> <span class='ocrx_word' id='word_1_604' title='bbox 2485 4743 2739 4783; x_wconf 73' lang='lat' dir='ltr'>erearum</span> <span class='ocrx_word' id='word_1_605' title='bbox 2766 4742 2881 4783; x_wconf 87' lang='lat' dir='ltr'>om.</span> <span class='ocrx_word' id='word_1_606' title='bbox 2980 4762 2994 4779; x_wconf 90' lang='lat'><strong>.</strong></span> 
     </span>
    </p>
   </div>
   <div class='ocr_carea' id='block_1_12' title="bbox 1331 4843 4477 5076">
    <p class='ocr_par' dir='ltr' id='par_1_18' title="bbox 1331 4843 4477 5076">
     <span class='ocr_line' id='line_1_46' title="bbox 1414 4843 4477 4924; baseline -0.002 -16"><span class='ocrx_word' id='word_1_607' title='bbox 1414 4868 1506 4922; x_wconf 74' lang='lat'>24,</span> <span class='ocrx_word' id='word_1_608' title='bbox 1557 4868 1580 4906; x_wconf 80' lang='grc' dir='ltr'>ι</span> <span class='ocrx_word' id='word_1_609' title='bbox 1660 4861 1761 4909; x_wconf 78' lang='lat' dir='ltr'>DE</span> <span class='ocrx_word' id='word_1_610' title='bbox 1835 4860 2285 4921; x_wconf 30' lang='lat' dir='ltr'>MVNnssN-t:</span> <span class='ocrx_word' id='word_1_611' title='bbox 2355 4849 2864 4921; x_wconf 67' lang='lat' dir='ltr'>l-toR&#39;ronM)</span> <span class='ocrx_word' id='word_1_612' title='bbox 2947 4865 3057 4906; x_wconf 75' lang='lat' dir='ltr'>nus</span> <span class='ocrx_word' id='word_1_613' title='bbox 3099 4848 3370 4924; x_wconf 79' lang='lat' dir='ltr'>quoniam</span> <span class='ocrx_word' id='word_1_614' title='bbox 3412 4869 3530 4909; x_wconf 78' lang='lat' dir='ltr'>enne</span> <span class='ocrx_word' id='word_1_615' title='bbox 3565 4849 3628 4908; x_wconf 81' lang='lat' dir='ltr'>in</span> <span class='ocrx_word' id='word_1_616' title='bbox 3674 4848 3904 4907; x_wconf 70' lang='lat' dir='ltr'>vetustis</span> <span class='ocrx_word' id='word_1_617' title='bbox 3940 4845 4103 4906; x_wconf 74' lang='lat' dir='ltr'>libri·</span> <span class='ocrx_word' id='word_1_618' title='bbox 4146 4863 4268 4902; x_wconf 81' lang='lat' dir='ltr'>non</span> <span class='ocrx_word' id='word_1_619' title='bbox 4311 4843 4477 4902; x_wconf 77' lang='lat' dir='ltr'>inue-</span> 
     </span>
     <span class='ocr_line' id='line_1_47' title="bbox 1334 4918 4476 5000; baseline -0.002 -18"><span class='ocrx_word' id='word_1_620' title='bbox 1334 4937 1388 4992; x_wconf 72' lang='grc' dir='ltr'>ι,</span> <span class='ocrx_word' id='word_1_621' title='bbox 1417 4938 1503 4996; x_wconf 77' lang='grc'>34,</span> <span class='ocrx_word' id='word_1_622' title='bbox 1535 4940 1565 4994; x_wconf 82' lang='lat'>5</span> <span class='ocrx_word' id='word_1_623' title='bbox 1591 4922 1669 4999; x_wconf 85' lang='lat' dir='ltr'>sq.</span> <span class='ocrx_word' id='word_1_624' title='bbox 1745 4925 1920 4982; x_wconf 76' lang='lat' dir='ltr'>Conf-</span> <span class='ocrx_word' id='word_1_625' title='bbox 1949 4925 2282 5000; x_wconf 74' lang='lat' dir='ltr'>Diophanes</span> <span class='ocrx_word' id='word_1_626' title='bbox 2310 4926 2494 4999; x_wconf 86' lang='lat' dir='ltr'>Geop.</span> <span class='ocrx_word' id='word_1_627' title='bbox 2522 4941 2568 4993; x_wconf 89' lang='lat'>5,</span> <span class='ocrx_word' id='word_1_628' title='bbox 2593 4942 2700 4994; x_wconf 72' lang='lat'>453</span> <span class='ocrx_word' id='word_1_629' title='bbox 2754 4926 2865 4981; x_wconf 91' lang='lat' dir='ltr'>Co-</span> <span class='ocrx_word' id='word_1_630' title='bbox 2948 4937 3107 4980; x_wconf 78' lang='lat' dir='ltr'>uerat</span> <span class='ocrx_word' id='word_1_631' title='bbox 3140 4922 3315 4996; x_wconf 83' lang='lat' dir='ltr'>ipsum</span> <span class='ocrx_word' id='word_1_632' title='bbox 3355 4924 3526 4983; x_wconf 81' lang='lat' dir='ltr'>lineis</span> <span class='ocrx_word' id='word_1_633' title='bbox 3578 4918 3963 4979; x_wconf 75' lang='lat' dir='ltr'>circumdedit.</span> <span class='ocrx_word' id='word_1_634' title='bbox 4044 4919 4204 4979; x_wconf 68' lang='lat' dir='ltr'>Gaba</span> <span class='ocrx_word' id='word_1_635' title='bbox 4242 4933 4476 4994; x_wconf 70' lang='lat' dir='ltr'>quoquc</span> 
     </span>
     <span class='ocr_line' id='line_1_48' title="bbox 1331 4995 3764 5076; baseline -0.002 -19"><span class='ocrx_word' id='word_1_636' title='bbox 1331 4995 1472 5057; x_wconf 84' lang='lat' dir='ltr'>lum.</span> <span class='ocrx_word' id='word_1_637' title='bbox 1508 5015 1592 5063; x_wconf 79' lang='grc' dir='ltr'>ιι,</span> <span class='ocrx_word' id='word_1_638' title='bbox 1627 5013 1678 5068; x_wconf 82' lang='lat'>3.</span> <span class='ocrx_word' id='word_1_639' title='bbox 1712 4997 1852 5054; x_wconf 84' lang='lat' dir='ltr'>Add.</span> <span class='ocrx_word' id='word_1_640' title='bbox 1879 4997 2026 5054; x_wconf 85' lang='lat' dir='ltr'>Plin.</span> <span class='ocrx_word' id='word_1_641' title='bbox 2062 5015 2146 5066; x_wconf 67' lang='grc' dir='ltr'>ιγ,</span> <span class='ocrx_word' id='word_1_642' title='bbox 2182 5016 2269 5055; x_wconf 82' lang='lat'>10.</span> <span class='ocrx_word' id='word_1_643' title='bbox 2309 5007 2768 5055; x_wconf 77' lang='lat' dir='ltr'>scnoETTG·</span> <span class='ocrx_word' id='word_1_644' title='bbox 2946 5014 3074 5055; x_wconf 82' lang='lat' dir='ltr'>nou</span> <span class='ocrx_word' id='word_1_645' title='bbox 3100 4997 3371 5076; x_wconf 70' lang='lat' dir='ltr'>excerpsit.</span> <span class='ocrx_word' id='word_1_646' title='bbox 3410 5004 3764 5062; x_wconf 77' lang='grc' dir='ltr'><strong>ΡΟΝΤΕΙ).</strong></span> 
     </span>
    </p>
   </div>
   <div class='ocr_carea' id='block_1_13' title="bbox 1402 5065 4473 5214">
    <p class='ocr_par' dir='ltr' id='par_1_19' title="bbox 1402 5065 4473 5214">
     <span class='ocr_line' id='line_1_49' title="bbox 1402 5065 4272 5149; baseline -0.008 -18"><span class='ocrx_word' id='word_1_647' title='bbox 1402 5089 1558 5145; x_wconf 49' lang='lat' dir='ltr'>aba</span> <span class='ocrx_word' id='word_1_648' title='bbox 1600 5082 1702 5132; x_wconf 79' lang='grc' dir='ltr'>ετ</span> <span class='ocrx_word' id='word_1_649' title='bbox 1753 5068 1995 5148; x_wconf 66' lang='grc' dir='ltr'><strong>[εγω-1</strong></span> <span class='ocrx_word' id='word_1_650' title='bbox 2048 5074 2478 5149; x_wconf 64' lang='lat' dir='ltr'>cervum)</span> <span class='ocrx_word' id='word_1_651' title='bbox 2557 5065 2865 5132; x_wconf 72' lang='lat' dir='ltr'>Commen-</span> <span class='ocrx_word' id='word_1_652' title='bbox 4265 5103 4272 5108; x_wconf 84' lang='lat'><strong>.</strong></span> 
     </span>
     <span class='ocr_line' id='line_1_50' title="bbox 3965 5134 4473 5214; baseline -0.012 -12"><span class='ocrx_word' id='word_1_653' title='bbox 3965 5149 4002 5178; x_wconf 77' lang='lat'>¹²·</span> <span class='ocrx_word' id='word_1_654' title='bbox 4165 5153 4316 5214; x_wconf 44' lang='lat' dir='ltr'>ab?</span> <span class='ocrx_word' id='word_1_655' title='bbox 4357 5134 4473 5198; x_wconf 87' lang='lat' dir='ltr'>Co-</span> 
     </span>
    </p>
   </div>
  </div>
 </body>
</html>
