4942 6167
1408 419 1550 498 33⁸
1804 386 2544 491 PONTEDERAE
2588 379 3137 455 EPISTOLA
3185 379 3328 452 AD
3378 376 4158 454 MORGAGNVM.

1404 582 1742 663 lacunam
1766 582 1984 679 vtique
2009 580 2190 657 viro.
2212 573 2278 670 fi
2304 574 2490 646 etiam
2521 583 2806 643 matrona
2833 570 3246 643 comitabitur.
3354 564 3567 659 Quod
3606 563 3877 643 Vrfinus
3902 569 3999 643 ita
4019 561 4434 669 disiunssum
4459 567 4558 643 le·

1409 689 1541 782 git:
1589 709 1776 782 qaam
1806 685 2031 776 optime
2041 688 2239 772 pater
2253 672 2546 768 familias
2573 673 2750 743 debet
2787 669 3114 758 babitare,
3166 678 3240 744 v't
3269 673 3558 745 libentius
3579 669 3713 742 ‘rm
3753 674 4000 758 veniat,
4048 684 4110 744 et
4151 673 4335 768 degat
4381 671 4450 746 in
4490 698 4561 746 eo

1404 788 1762 863 iucundius.-
1816 782 2036 878 vtique
2065 775 2284 877 verost
2304 777 2486 845 etiam
2521 787 2813 845 matrona
2844 775 3265 845 comitabitur.
3367 769 3789 844 Huiusmodi
3815 766 4299 870 interpunstio,
4330 797 4564 847 emen·

1410 889 1570 962 dato
1611 884 1704 987 «ᾗ
1753 907 1900 956 vero
1938 903 2068 977 pro
2110 881 2287 962 viro,
2329 872 2857 974 percommode,
2904 888 2981 945 vt
3028 895 3180 945 mea
3215 871 3352 944 fert
3398 874 3671 972 opinio,
3722 872 3929 960 cadit,
3976 872 4440 973 eandemque,
4487 888 4570 949 vt

1404 1003 1610 1092 potes
1660 976 2069 1067 meminiss‘e,
2127 974 2215 1049 in'
2245 966 2405 1049 ineo
2452 976 2574 1049 illo
2616 972 2884 1047 vetusto
2942 978 3272 1073 anonymi
3316 975 3758 1046 Grammatici
3808 974 4044 1047 codice
4089 974 4216 1047 tibi
4283 974 4563 1059 ostendi.
4646 980 4662 995 ⁰

1408 1091 1725 1165 Alterum
1752 1087 1824 1156 in
1851 1086 2217 1159 Hortorum
2245 1079 2415 1152 cultu
2445 1087 2547 1172 [v.
2583 1080 2750 1163 τοι]
2800 1073 3164 1163 habemus,
3212 1079 3286 1148 in
3326 1100 3466 1174 quo
3493 1074 3668 1148 libro
3710 1074 3893 1149 in'ter
3930 1076 4056 1148 alia
4078 1074 4359 1149 Vrsinus
4392 1078 4564 1150 haec

1380 1187 1761 1263 emendat:
1914 1185 2074 1257 Tum
2102 1207 2262 1280 qaae
2282 1180 2478 1275 pallet
2506 1181 2705 1266 humi,
2748 1202 2908 1275 qaae
2918 1177 3225 1270 frondent
3244 1200 3524 1272 purpura
3569 1191 3635 1251 et
3662 1200 3826 1250 auro
3973 1178 4308 1252 Ponuntur
4335 1180 4565 1256 violae.

1407 1295 1541 1366 His
1574 1311 1869 1384 namque
1894 1287 2222 1380 receptis,
2273 1284 2500 1382 primo
2531 1277 2843 1352 membro
2879 1274 3094 1355 Vadas
3118 1282 3416 1353 Martias
3440 1278 3885 1351 aColumella
3922 1276 4285 1378 descriptas
4315 1281 4566 1354 intelli-

1412 1397 1669 1488 gimus,
1722 1388 1938 1460 altero
1975 1381 2234 1471 Viotas,
2274 1398 2354 1456 vt
2382 1397 2663 1468 vocant,
2723 1382 3079 1454 Trinitatis.
3180 1385 3357 1452 Non
3385 1383 3613 1453 omnia
3639 1392 3874 1452 tamen
3904 1379 4035 1452 hac
4058 1384 4322 1454 ratione
4347 1383 4568 1481 accipi

1411 1488 1723 1596 pofl‘unt3
1771 1489 1928 1562 sunt
1955 1490 2142 1558 enim
2169 1509 2341 1583 quae
2369 1478 2776 1556 coniesturis
2817 1483 3065 1554 leuiter
3101 1482 3493 1554 innituntur
3510 1537 3527 1568 ,
3577 1505 3707 1553 ceu
3737 1479 3909 1553 illud
3958 1481 4384 1555 Columellae
4416 1482 4568 1556 libr.

1366 1670 1377 1678 ,
1425 1620 1454 1669 1
1473 1622 1510 1669 2
1542 1619 1599 1665 c.
1634 1616 1746 1689 34.
1896 1592 2023 1663 Sed
2044 1587 2292 1686 mustum
2320 1591 2393 1658 de
2404 1584 2528 1683 stab
2551 1583 2740 1681 maffiz
2764 1599 2830 1659 et
2853 1585 3302 1689 limpfflumflt,
3351 1579 3542 1681 quod
3585 1596 3669 1655 tu
3695 1580 3942 1656 vetusti
3968 1607 4179 1657 manu
4219 1585 4463 1656 exarati
4490 1584 4570 1655 li·

1415 1696 1524 1769 bri
1548 1690 2017 1767 auaoritatem
2046 1691 2344 1776 secutus,
2391 1683 2760 1760 restituistis
2808 1683 2936 1782 fid
2970 1684 3222 1785 mustum
3269 1689 3343 1756 de
3363 1682 3612 1781 stamma
3651 1700 3718 1758 et
3757 1685 4073 1778 limpidam
4095 1687 4224 1783 stt.-
4283 1682 4570 1758 Vrsinus

1417 1822 1625 1872 vero:
1653 1793 1775 1893 fied
1797 1792 2048 1889 mustum
2081 1795 2159 1864 de
2183 1789 2458 1887 bamasto
2485 1807 2551 1863 et
2564 1789 2812 1887 paffism
2839 1814 2922 1861 ex
2949 1814 3020 1860 ea
3023 1786 3140 1881 fit.
3240 1782 3589 1859 Bumastus
3626 1781 3958 1883 siquidem
3996 1783 4252 1860 camofi
4297 1789 4566 1880 generis

1419 1925 1554 1972 vua
1580 1894 1676 1969 est
1705 1894 1787 1968 ad
1817 1894 2032 1967 escam
2060 1893 2428 1965 inseruiens
2446 1948 2463 1980 ,
2510 1892 2833 1989 quoniam
2860 1892 3084 1961 minus
3113 1884 3312 1959 musti
3339 1885 3523 1974 fluit,
3554 1912 3760 1985 quam
3788 1887 4171 1962 Columella
4200 1886 4345 1961 libr.
4369 1912 4403 1983 3
4440 1914 4494 1960 c.
4523 1912 4560 1960 2

1416 2003 1601 2073 inter
1641 1996 1989 2070 duracinas
2016 1990 2199 2067 'cum
2237 1995 2635 2093 purpureis,
2695 1986 2974 2090 da&ylis
2991 2047 3009 2079 ,
3077 1988 3360 2062 Rhodiis
3380 2046 3396 2077 ,
3459 1985 3733 2086 Libycis
3747 2046 3767 2078 ,
3825 1993 4149 2063 Ceraunis
4196 1989 4282 2063 ad
4335 1989 4570 2062 cibum

1420 2098 1909 2174 conserendam
1936 2097 2303 2196 praecepit.
2404 2098 2755 2166 Praeterea
2780 2088 3039 2192 paffum
3070 2116 3213 2177 non
3241 2089 3328 2161 de
3359 2089 3694 2162 duracinis
3728 2093 3877 2163 vuis
3893 2147 3912 2179 ,
3962 2090 4076 2164 sed
4099 2092 4212 2165 vel
4261 2090 4348 2164 de
4375 2116 4570 2192 prae·

1420 2201 1698 2276 cocibus
1714 2259 1732 2291 ,
1778 2199 1892 2272 vel
1919 2197 2006 2271 de
2031 2199 2311 2272 amineis
2338 2193 2488 2268 fieri
2511 2193 2656 2269 libr.
2699 2219 2728 2268 1
2748 2219 2783 2267 2
2817 2219 2873 2266 c.
2914 2218 3004 2288 39
3038 2192 3221 2265 idem
3252 2191 3636 2264 Columella
3662 2191 4007 2269 indicauit.
4104 2195 4367 2268 Vinum
4395 2218 4569 2292 quo·

1423 2329 1560 2404 que
1592 2305 1627 2377 s
1706 2304 1901 2375 lliten
1928 2327 2008 2373 ex
2029 2298 2252 2372 musto
2285 2298 2555 2370 amineo
2585 2322 2727 2396 cap.
2765 2319 2851 2391 33
2881 2292 3131 2366 confici
3158 2291 3450 2380 tradidit,
3481 2293 3568 2366 de
3596 2319 3734 2393 qun
3772 2297 4085 2395 proximo
4115 2296 4273 2368 loco
4306 2320 4448 2393 cap.
4475 2314 4572 2390 34

1424 2411 1497 2480 in
1541 2329 2011 2477 emcgammatis
2054 2395 2490 2474 confefflone
2545 2391 2940 2469 intellexifl‘e
2981 2394 3266 2469 videtur.
3289 2432 3306 2449 ·
3417 2394 3598 2467 Illud
3641 2398 3812 2467 item
3851 2402 3954 2469 Μ.
3981 2399 4302 2469 Varronis
4338 2395 4494 2468 libr.
4525 2420 4563 2469 2

1427 2531 1570 2606 cap.
1613 2528 1692 2580 11
1730 2506 1774 2578 s.
1814 2528 1844 2575 1
1901 2521 1978 2578 vt
1995 2502 2384 2599 praediHum
2414 2501 2497 2598 cst
2525 2504 2598 2571 de
2620 2500 2777 2573 labie
2802 2503 2867 2572 in
2901 2523 2971 2570 eo
3010 2510 3073 2570 et
3097 2496 3352 2593 tonsura
3381 2497 3595 2584 lanae,
3650 2496 3838 2596 quod
3874 2494 4154 2570 Vrsinus
4210 2496 4565 2571 emendat:

1423 2624 1506 2685 vt
1521 2607 1914 2701 praedamna
1943 2605 2054 2702 gst,
2103 2608 2175 2675 de
2203 2604 2361 2675 labie
2386 2608 2641 2698 inquam
2659 2655 2677 2686 ,
2719 2615 2783 2672 et
2811 2597 3057 2695 toofiera
3087 2599 3305 2686 lanae,
3359 2601 3585 2669 minus
3611 2594 3798 2670 reste
3838 2598 4127 2672 arbitror
4155 2598 4567 2688 restitutum,

1426 2708 1522 2787 τῶ
1552 2713 1615 2778 ia
1644 2734 1717 2780 eo
1744 2709 1818 2776 in
1849 2701 1926 2781 τὸ
1950 2709 2202 2803 inquam
2230 2702 2595 2786 conuerso,
2646 2724 2806 2771 cum
2850 2698 3226 2791 legendum
3264 2695 3349 2771 {it
3381 2697 3579 2792 caseo,
3629 2713 3707 2772 vt
3744 2698 4132 2800 propositus
4178 2708 4224 2773 a'
4258 2708 4570 2774 Varrone

1428 2791 1604 2881 ordo
1633 2807 1971 2905 requirit„
1996 2821 2068 2875 et
2096 2802 2500 2901 deprauatae
2528 2803 2733 2872 etiam
2760 2800 3124 2899 scripturae
3160 2796 3515 2892 vestigium
3556 2801 4002 2900 suspicionem
4035 2802 4213 2875 facit.
4310 2806 4570 2874 Huius-

1427 2906 1885 2983 meditamen
1920 2903 2177 2977 leuiora
2207 2903 2391 2990 sunt,
2439 2926 2668 3000 neque
2703 2916 3071 3002 propterea
3107 2898 3546 2974 eruditissimo
3589 2905 3735 2976 viro
3784 2907 4144 3003 quicquam
4187 2901 4569 2979 detrastum

1428 3009 1613 3082 voIO.
1711 3014 1974 3081 Verum
2010 3005 2097 3077 de
2126 3005 2265 3076 hoc
2296 3003 2469 3077 libro
2499 3004 2632 3089 iam
2659 3004 2829 3075 satis,
2931 3001 3190 3075 Prodiit
3216 3001 3497 3076 tandem
3522 3007 3735 3076 Horti
3759 3005 3971 3078 Pisani
3995 3003 4402 3081 Ferdinandi
4427 3007 4567 3079 hoc

1429 3110 1717 3184 nomine
1769 3108 1974 3180 Primi
2021 3106 2322 3205 auspiciis
2378 3119 2451 3176 et
2497 3102 3000 3198 magnificentia
3047 3100 3412 3177 construsti
3476 3105 3979 3194 (Ferdinandus
4026 3133 4353 3206 namque,
4420 3134 4568 3180 non

1431 3210 1754 3297 CosmuS,
1796 3223 1873 3280 vt
1912 3207 2422 3299 Tournefartiut,
2473 3209 2591 3304 qui
2617 3231 2729 3278 me
2756 3207 2961 3277 etiam
2989 3207 3063 3277 in
3093 3231 3399 3278 errorem
3425 3205 3716 3296 induxit,
3749 3212 4119 3287 memoriae
4148 3208 4439 3298 tradidit,
4491 3213 4567 3282 in

1432 3307 1711 3413 publica
1731 3307 2097 3382 commoda
2117 3305 2276 3379 Pifis
2303 3311 2614 3379 Hortum
2641 3306 3000 3379 Medicum
3038 3310 3336 3404 parauit)
3397 3306 3696 3380 Historia
3733 3308 3815 3381 ab
3856 3307 4245 3383 annciffimo
4287 3326 4359 3381 et
4396 3314 4572 3384 inte·

1434 3415 1735 3506 get-rimo
1762 3414 1909 3483 viro
1954 3409 2297 3482 Michaele
2333 3409 2607 3501 Angelo
2651 3408 2868 3480 Tillio
2909 3405 3098 3480 Publ.
3139 3413 3495 3482 Botanices
3537 3407 3911 3484 Profess'ore
3951 3407 4293 3500 confeEta,
4349 3411 4570 3485 tribus
4685 3400 4704 3411 “

1274 3536 1295 3545 “
1432 3514 1634 3613 supra
1663 3515 2150 3612 quinquaginta
2178 3513 2387 3583 aereis
2414 3510 2660 3583 tabulis
2692 3525 2955 3597 ornata,
3001 3510 3292 3602 eleganti
3321 3511 3492 3584 adeo
3516 3511 3756 3600 forma,
3803 3529 3880 3586 vt
3903 3515 4073 3587 nihil
4099 3513 4183 3585 ad
4211 3516 4353 3585 eius
4391 3517 4572 3587 nito·

1430 3640 1584 3689 rem
1622 3609 1843 3687 deesse
1878 3611 2203 3685 videatur.
2339 3618 2573 3709 Atque
2607 3615 2862 3683 vtinam
2907 3609 3285 3709 amplissimi
3322 3616 3448 3684 viri
3501 3613 3740 3715 Episco
3791 3616 3817 3685 i
3853 3612 4287 3709 Biturgiensis
4329 3615 4571 3688 acerba

1430 3741 1621 3790 mors
1647 3712 1941 3791 austeris
1969 3717 2271 3786 animum
2300 3710 2382 3783 ab
2425 3713 2564 3784 hoc
2594 3738 2804 3811 opere
2843 3708 3269 3785 emendando
3317 3738 3461 3785 non
3500 3639 3790 3785 auocati?

1435 3812 1833 3889 dileaiffimi
1856 3815 2002 3886 fato
2033 3815 2228 3896 velut
2251 3812 2338 3883 de
2365 3813 2599 3901 coelo,
2641 3831 2718 3886 vt
2744 3817 2840 3885 ita
2866 3812 3116 3904 dicam,
3158 3809 3375 3887 tailus
3403 3810 3493 3884 fic
3523 3808 3803 3887 affliaus
3855 3818 4089 3907 iacuit,
4133 3833 4215 3891 vt
4255 3820 4327 3890 in
4374 3832 4573 3893 tanta

1436 3914 1659 3990 iustus
1688 3912 2051 3988 acerbitate
2079 3938 2306 4013 neque
2353 3913 2554 3987 huius
2585 3912 2767 4002 libri,
2811 3940 3039 4013 neque
3082 3915 3352 3987 alterius
3396 3916 3495 3987 rei
3532 3938 3692 3987 cura
3727 3911 4124 3992 afficeretur.
4260 3917 4574 4020 Ideoque

1434 4015 1832 4110 vrgentibus
1866 4019 2123 4115 operis,
2171 4011 2447 4088 auftore
2487 4018 2631 4116 ipso
2674 4040 2901 4113 neque
2949 4015 3369 4117 approbante
3409 4040 3634 4114 neque
3673 4014 4128 4108 dissentiente,
4181 4018 4354 4093 liber
4392 4047 4570 4095 non-

1435 4116 1604 4189 dum
1629 4131 1927 4189 extrema
1951 4140 2157 4189 manu
2184 4117 2518 4217 expolitus
2550 4119 2738 4216 typis
2777 4117 3051 4189 excusus
3085 4114 3198 4189 est.
3297 4120 3472 4200 Non
3497 4115 3593 4189 est
3616 4121 3822 4213 igitur
3848 4146 3970 4194 cur
4000 4125 4345 4211 miremur,
4378 4122 4568 4223 quod

1432 4218 1767 4290 nonnulla
1799 4219 2213 4317 irrepserint,
2271 4243 2443 4316 quae
2481 4244 2696 4319 paruo
2740 4221 3021 4311 negotio
3076 4216 3362 4308 (sineret
3400 4217 3631 4314 dolor)
3685 4239 3827 4293 erat
3864 4222 4353 4321 prohibiturus.
4456 4230 4568 4297 De

1432 4320 1812 4395 Facciolato
1844 4317 2073 4392 nostro
2122 4318 2404 4393 mirifice
2443 4318 2764 4413 gratulor.
2872 4322 3098 4400 Quam
3127 4318 3316 4391 dolui
3343 4343 3455 4392 me
3489 4344 3791 4395 mearum
3835 4327 4179 4397 rationum
4226 4328 4406 4398 curis
4449 4352 4567 4398 ne·

1434 4417 1706 4495 ceffario
1737 4417 2082 4495 additium
2111 4423 2256 4493 eius
2289 4417 2867 4521 eloquentissimae
2887 4423 3184 4501 ,orationi
3207 4416 3518 4493 interestis
3547 4449 3688 4496 non
3717 4422 4041 4524 potuifl‘e!
4088 4424 4378 4515 Verum,
4398 4453 4566 4525 quo-

1429 4526 1615 4595 niam
1647 4548 1796 4595 eam
1824 4525 1897 4595 in
1927 4523 2288 4595 hominum
2319 4522 2627 4595 manibus
2652 4526 2784 4593 iam
2816 4518 2948 4593 effe
2972 4521 3227 4610 scribis,
3272 4521 3447 4596 dabo
3476 4550 3756 4624 operam
3797 4530 4102 4600 reuersus
4123 4583 4142 4617 ,
4195 4552 4284 4599 ne
4312 4553 4429 4599 me
4455 4526 4567 4601 ab·

1430 4620 1625 4697 fuiss'e
1654 4621 2038 4698 existimem.
2139 4628 2409 4695 Interea
2435 4626 2606 4694 meis
2631 4621 2853 4695 verbis
2881 4622 3137 4695 saluere
3163 4624 3384 4722 ipsum
3410 4625 3677 4718 iubeto,
3730 4630 4011 4728 eiusque
4047 4654 4306 4701 nomen
4347 4655 4428 4702 ac
4471 4629 4568 4701 fa-

1433 4748 1619 4796 mam
1650 4750 1773 4823 per
1796 4739 2048 4798 terram
2072 4725 2481 4797 Hetruscam
2508 4727 2581 4795 in
2611 4722 2756 4795 dies
2783 4723 3297 4824 percrebescere
3324 4725 3549 4803 dicito.
3645 4734 3825 4806 Cura
3851 4748 3926 4809 vt
3948 4730 4187 4808 valeas.
4280 4735 4370 4807 D.
4406 4726 4562 4809 Pifis

1433 4827 1725 4900 Decimo
1757 4841 1998 4927 quarto
2026 4826 2167 4903 Kal.
2193 4830 2399 4903 Mart.
2439 4847 2648 4921 ¹724-

3755 3727 3847 3784 et.
3944 3720 4084 3789 Hic
4124 3719 4308 3789 enim
4346 3717 4572 3791 fratris
4605 3742 4618 3756 ·
4657 3740 4676 3747 ”
