4942 6167
735 415 742 428 ⁹
839 423 862 452 ε
923 405 1260 479 ART1s
1347 407 2209 498 VETERINARME
2302 411 2571 522 ems·
2630 411 2964 486 -MVLO
3012 401 3121 488 Μέ
3182 461 3187 464 -
3497 444 3639 515 2²5-
3698 351 3705 360 .

477 593 852 696 plicatione
879 594 1108 682 nerui,-
1147 581 1375 668 fimilis
1402 591 1650 667 tubero
1681 619 1840 668 cum
1869 594 2110 669 dolore
2136 589 2525 678 inunobili„
2596 601 2876 672 Horum
2894 603 3212 674 chinium
3235 624 3369 677 vna
3386 600 3488 676 est
3518 631 3635 680 cu-

472 700 669 771 ratio.
819 700 1219 768 Iumentum
1266 693 1662 789 colligatum
1707 696 2105 795 deponitur,
2167 714 2241 770 et
2259 696 2288 764 .¹
2332 715 2572 771 contra
2601 712 2651 745 ¹¹²
2691 699 2926 775 locum
2976 704 3207 777 causae
3250 704 3484 799 sagitta
3512 705 3632 781 au‘t

476 797 800 897 scalpello
831 801 902 869 in
928 797 1220 891 longum
1253 795 1485 869 dextra
1528 821 1606 869 ac
1634 794 1888 892 sinistra
1909 824 2039 899 pro
2083 801 2398 873 mensura
2437 804 2728 874 tumoris
2771 807 3102 901 aperitur,
3166 806 3263 878 ita
3292 809 3633 884 viz-media

475 900 748 974 fasciola
772 901 978 987 cutis,
1027 924 1205 997 quae
1235 899 1433 998 supra
1455 897 1781 972 tuberum
1813 897 1938 989 est,
1989 898 2243 973 intasta‘
2280 918 2694 1000 permaneat.
2795 901 2951 977 Post
2993 904 3235 1000 egestis
3275 909 3386 981 vel
3434 935 3631 998 euer-

473 999 561 1074 fis
592 999 946 1090 omnibus,
993 1025 1170 1098 quae
1197 1017 1546 1074 tumorem
1573 1018 1964 1092 mouerant,
2014 1002 2529 1077 medicamentis
2558 1005 3148 1105 competentibus,
3205 1033 3284 1081 ea
3322 1013 3628 1113 quaesu-

471 1128 599 1204 pra
622 1103 964 1180 declarata
980 1101 1167 1190 fun-t,
1213 1102 1615 1202 producitur
1659 1102 1744 1176 ad
1769 1106 2171 1176 cicatricem.
3478 1143 3494 1152 ·

676 1232 951 1301 XXXI.
1056 1256 1094 1301 s
1112 1257 1140 1301 1
1176 1231 1487 1301 iumento
1516 1230 1752 1322 lingua
1777 1228 1984 1303 fuerit
2008 1230 2237 1319 incisa,
2285 1228 2503 1303 statim
2534 1255 2694 1304 cum
2723 1229 2944 1305 fibulis
2972 1235 3281 1310 consuito
3299 1293 3317 1325 ,
3375 1237 3626 1314 deinde

473 1333 633 1405 vino
662 1332 912 1417 lauat0,
944 1326 1097 1429 post
1123 1330 1369 1423 gallam
1396 1330 1671 1403 tundit-o
1706 1345 1778 1403 et
1802 1332 2166 1430 puluerem
2195 1325 2478 1418 cernito,
2513 1356 2594 1403 ex
2625 1359 2710 1405 eo
2738 1337 3055 1433 imponis,
3083 1335 3309 1410 donec
3337 1340 3624 1415 sanetur.

475 1436 587 1505 cui
611 1429 800 1505 dabis
831 1430 1118 1504 foenum
1144 1429 1604 1505 molliffimum
1629 1435 2011 1520 concisum,
2052 1448 2126 1505 et
2154 1459 2283 1533 pro
2314 1431 2580 1505 hordeo
2615 1434 2928 1508 furfures.
3028 1436 3166 1510 Alii
3197 1452 3224 1482 ⁸
3262 1438 3624 1541 postquam

474 1533 716 1608 fibulas
747 1533 1137 1632 'acceperint
1169 1533 1538 1634 linguaque
1565 1537 1725 1606 vino
1751 1534 1959 1608 fuerit
1987 1535 2169 1606 elota
2187 1591 2206 1622 ,
2233 1534 2397 1606 mel
2446 1536 2950 1634 imponendum
2977 1533 3108 1608 effe
3139 1542 3508 1632 duxerunt,
3547 1558 3626 1620 vt

473 1636 743 1736 plagam
773 1650 1029 1742 purget
1054 1651 1125 1707 et
1150 1651 1359 1708 curet.
1458 1634 1566 1707 Ad
1593 1635 1908 1708 vltimum
1936 1661 2017 1707 ex
2043 1636 2225 1708 malo
2268 1651 2552 1729 granato
2578 1637 2937 1736 puluerem
2963 1640 3368 1718 iniecerunt.

679 1761 1003 1834 XXXII.
1100 1745 1181 1834 εἰ
1232 1751 1540 1833 iumento
1571 1762 2029 1835 loculamenta
2059 1776 2086 1806 ⁸
2130 1760 2440 1836 dentium
2466 1761 2536 1833 id
2564 1763 2596 1805 ¹³
2628 1761 2724 1834 est
2755 1766 3070 1859 gingiuae
3096 1767 3207 1839 vel
3231 1768 3471 1841 dentes
3505 1767 3626 1844 do'-

477 1864 752 1950 luerint,
783 1863 931 1933 hisc
959 1862 1344 1956 agnoscitur
1368 1859 1605 1958 signis:
1653 1862 1992 1937 hordeum
2021 1863 2309 1938 solidum
2342 1865 2622 1957 glutiet,
2656 1867 2999 1955 macescit‚
3037 1869 3388 1943 salinarum
3418 1872 3627 1971 pluri-

472 1990 669 2037 mum
698 1957 1023 2050 effundit,
1057 1967 1373 2058 gingiuae
1399 1966 1879 2042 intumescunt.
1985 1970 2259 2039 Cretam
2291 1965 2653 2038 Cimoliam
2679 1991 2841 2042 cum
2887 1984 3081 2044 aceto
3125 1975 3453 2046 acerrimo
3484 2000 3626 2046 ma-

476 2083 739 2155 cerato,
792 2080 863 2137 et
888 2066 1222 2138 calentem
1253 2068 1659 2139 extrinsecus
1693 2068 1970 2146 maxillis
2000 2066 2343 2154 inducit0‚
2399 2093 2491 2139 ne
2539 2071 2767 2140 minus
2803 2071 3106 2169 quinque
3146 2071 3422 2146 diebus:
3478 2079 3626 2169 gin-

475 2171 667 2263 giuas
691 2163 922 2240 autem
949 2170 1231 2240 interius
1266 2194 1425 2240 cum
1503 2163 1743 2242 uiuere
1776 2170 2043 2241 corticis
2083 2161 2245 2240 mali
2277 2170 2567 2262 granati,
2620 2184 2692 2239 et
2730 2170 2936 2242 melle
2970 2174 3169 2243 tertia
3210 2172 3339 2245 die·
3354 2172 3627 2249 diutiffi-

471 2297 588 2368 me
616 2268 1023 2364 confricato,
1073 2196 1546 2366 donec'egefia
1580 2272 1755 2344 sanie
1801 2271 2241 2344 conualescat.
2299 2268 2554 2358 ‚Quod
2594 2273 2857 2360 euenit,
2906 2293 3067 2344 cum
3112 2272 3369 2348 humor
3410 2277 3627 2352 acrior

477 2400 558 2446 ex
588 2376 808 2478 capite
832 2375 904 2445 in
933 2373 1349 2445 maxillarum
1393 2371 1750 2446 defluxoeit
1771 2397 1998 2445 venas.
2694 2403 2699 2410 ·

678 2499 1042 2572 XXXIIL
1150 2529 1197 2586 Q
1219 2527 1266 2570 v
1292 2529 1337 2572 o
1357 2528 1399 2571 n
1442 2494 1489 2569 fi
1521 2499 1764 2571 animal
1795 2501 1976 2571 iuxta
2003 2498 2264 2571 collum
2292 2497 2402 2570 vel
2429 2498 2737 2588 molares,
2766 2498 2875 2572 vel
2900 2499 3029 2573 alio
3049 2502 3183 2573 oris
3206 2500 3368 2575 loco
3390 2527 3465 2575 os
3497 2495 3630 2578 fre‘·

473 2597 681 2698 gerit,
739 2616 815 2674 vt
837 2600 1138 2673 morsum
1165 2589 1492 2672 ‘claudere
1536 2626 1680 2672 non
1707 2597 1940 2701 ponit,
2001 2615 2073 2673 et
2101 2602 2348 2702 apertis
2379 2599 2702 2672 dentibus
2730 2598 3006 2674 horreat
3036 2603 3626 2701 propendentibus

475 2702 695 2791 labriS,
722 2705 1053 2800 continuo
1085 2702 1292 2774 calida
1321 2693 1749 2790 fomentabiS,
1776 2717 1848 2775 et
1874 2698 2139 2775 labrum
2177 2718 2246 2774 et
2277 2725 2450 2802 quae
2478 2702 2634 2775 sunt
2660 2701 3366 2803 disruptacomponis,
3400 2704 3629 2779 fascio'·

474 2805 540 2878 la
581 2801 963 2877 tenuiffima
1006 2820 1198 2877 aceto
1242 2821 1312 2876 et
1355 2804 1509 2876 oleo
1556 2799 1926 2880 madesasta
1955 2815 1978 2847 ⁸
2032 2804 2399 2898 diligenter
2445 2827 2647 2875 vnam
2693 2820 2995 2902 partem,
3051 2803 3298 2879 deinde
3345 2806 3627 2881 alteram

472 2897 630 2980 com
683 2909 858 3001 ingis
888 2906 969 2980 ad
985 2907 1236 2993 locum,
1269 2924 1340 2978 et
1368 2902 1671 2986 {imiliter
1696 2891 1983 2995 fasciam,
2023 2932 2112 2978 ne
2137 2910 2389 3008 iterum
2405 2902 2792 3007 diffipetur:
2844 2907 2974 2979 Cui
3005 2920 3077 2978 et
3105 2906 3386 2980 corbem
3404 2911 3433 2952 ¹³
3461 2935 3625 2982 con·

474 3008 583 3081 stri
665 3011 670 3018 ’
714 3035 762 3080 n
794 3023 1073 3108 oportet
1101 3011 1400 3107 imponi,
1432 3032 1520 3079 ne
1554 3008 1882 3107 deprauet
1916 3007 2154 3080 dentes
2191 3021 2262 3079 et
2292 3006 2479 3079 labia.
2522 3022 2550 3053 ²
2602 3013 2780 3092 Cum
2806 3008 3084 3080 solueris
3113 3008 3196 3081 ad
3229 3011 3626 3101 curandum,

471 3137 683 3184 manu
710 3134 884 3208 quae
911 3126 1068 3184 ante
1093 3108 1553 3209 composueris
1589 3113 1975 3196 contineto,
2006 3108 2341 3181 furfurem
2373 3123 2445 3180 et
2476 3107 2758 3180 farinam
2787 3109 3030 3181 hordei
3056 3114 3261 3182 mixta
3287 3113 3357 3184 in
3391 3113 3628 3213 cophi·
3656 3171 3669 3178 -

473 3239 567 3286 no
597 3213 680 3285 ad
709 3210 1258 3286 manducandum
1275 3208 1503 3298 dabie,
1533 3214 1625 3283 ita
1652 3225 1729 3285 vt
1756 3208 2078 3309 quamdiu
2107 3208 2504 3296 manducat,
2538 3231 2781 3282 manus
2805 3226 2923 3282 tua
2949 3237 2988 3281 a
3015 3211 3191 3299 locO,
3225 3238 3430 3311 quem
3464 3240 3624 3286 con·

431 3311 436 3317 ’
473 3319 682 3404 tinet,
739 3340 883 3387 non
924 3312 1211 3386 recedat.
1339 3317 1517 3390 Cum
1569 3316 1700 3385 iam
1755 3310 2161 3385 manducare
2199 3309 2533 3397 noluerit,
2606 3307 2860 3382 offerto
2902 3314 2966 3383 ei
3006 3337 3251 3412 aquam
3296 3330 3373 3388 vt
3419 3314 3624 3389 bibat.

475 3422 662 3491 Cum
685 3415 968 3504 biberit,
1013 3417 1249 3487 curato
1274 3410 1605 3503 similiter,
1651 3428 1729 3486 vt
1761 3415 1958 3512 supra
1983 3414 2312 3513 scriptum
2343 3408 2455 3482 est.
2512 3414 2624 3482 cui
2650 3427 2725 3483 et
2753 3412 3030 3485 succum
3057 3415 3357 3513 ptisanae
3384 3413 3419 3461 ‘¹
3463 3441 3627 3490 con·

475 3522 667 3593 venit
692 3516 865 3605 dari,
912 3515 964 3589 fi
995 3521 1219 3589 minus
1252 3512 1522 3589 sortass'e
1544 3515 2074 3589 manducauerit.
2178 3518 2412 3597 Quem
2441 3512 2562 3585 tali
2599 3511 3075 3587 obseruatione
3114 3539 3245 3616 per
3282 3516 3425 3589 dies
3463 3543 3624 3617 qua·

476 3621 788 3715 draginta
816 3633 1129 3693 curatum
1165 3614 1472 3724 rcffitqes
1517 3619 1794 3694 sanitati.
2345 3633 2356 3645 “
3045 3663 3051 3668 -
3629 3673 3637 3682 .

680 3726 1027 3796 XXXIV.
1128 3745 1570 3795 tvnnuro
1619 3723 1885 3792 narium
1932 3718 2253 3811 cartilago
2300 3711 2348 3787 fi
2390 3729 2713 3814 corrupta
2752 3710 2864 3802 fit,
2911 3728 2983 3786 et
3022 3713 3285 3807 sanguis
3341 3719 3623 3818 reprimi

473 3835 621 3900 non
652 3820 878 3926 poffit,
925 3824 1277 3922 spongiam
1302 3824 1578 3910 Asram³
1607 3839 1680 3894 et
1709 3823 1928 3895 thuris
1956 3819 2229 3895 masculi
2258 3817 2594 3919 pollinem
2622 3820 3072 3890 commixtum
3094 3821 3383 3916 impone
3413 3818 3497 3890 ad
3525 3821 3624 3893 lo·

381 3943 388 3948 “
478 3953 642 4001 cum
667 3923 788 4025 qui
814 3925 1025 4000 laesus
1077 3921 1203 4010 est,
1239 3941 1322 3998 ct
1351 3924 1402 3997 fi
1445 3928 1693 3999 vulnus
1749 3921 2005 3997 fastum
2042 3922 2250 3995 fuerit
2289 3924 2364 3993 in
2409 3920 2832 4013 cartilagine,
2889 3895 3016 3990 fiac
3058 3922 3323 3998 ratione
3362 3936 3623 4004 curato.

3695 2946 3742 2998 2

476 4026 835 4102 Interdum
855 4025 1105 4102 animal
1137 4022 1167 4070 ¹³
1208 4025 1690 4126 despumatum
1717 4017 2030 4112 remissus,
2052 4023 2257 4098 semel
2285 4021 2372 4096 de
2401 4021 2628 4122 palato
2665 4022 3107 4114 sanguisnon
3148 4019 3373 4122 potest
3408 4025 3622 4124 repri-
3691 4058 3732 4109 2

479 4135 605 4221 mi,
653 4145 940 4231 propter
967 4152 1171 4226 quam
1201 4128 1687 4217 necestitatem,
1728 4126 1900 4201 sicut
1930 4127 2126 4226 supra
2150 4126 2471 4226 scriptum
2509 4122 2636 4210 est,
2685 4126 2758 4195 in
2790 4123 2948 4195 loco
2978 4125 3048 4195 in
3080 4149 3219 4221 quo
3249 4123 3488 4218 sagitta
3510 4152 3622 4198 ru-

479 4249 682 4332 ptum
712 4246 740 4277 ⁶
776 4228 871 4304 est
895 4230 1232 4331 palatum,
1281 4230 1629 4328 spongiam
1659 4235 1751 4303 im
1806 4231 1990 4318 onie,
2054 4242 2397 4328 caputque
2426 4228 2570 4297 eius
2602 4224 2856 4297 sursum
2888 4221 3308 4317 constringe,
3355 4241 3427 4297 et
3452 4253 3625 4326 aqua

480 4334 722 4428 frigida
752 4358 953 4405 renes
981 4329 1476 4431 cerebrumque
1527 4329 1676 4406 testi
1791 4355 2004 4429 osque
2047 4326 2420 4428 perfundis,
2521 4328 2717 4409 Quae
2758 4351 2866 4397 res
2912 4322 2965 4397 fi
3012 4325 3263 4398 tardius
3308 4325 3622 4402 subuenit
3688 4361 3726 4428 3

479 4440 758 4510 acatiam
790 4433 820 4479 ‘¹
861 4435 1128 4526 nigram
1157 4447 1230 4503 et
1257 4433 1475 4507 thuris
1506 4435 1842 4534 pollinem
1867 4435 2102 4531 aequis
2130 4426 2548 4531 ponderibus
2578 4451 2662 4498 ex
2700 4443 2894 4499 aceto
2923 4431 3253 4501 acerrimo
3269 4444 3623 4529 tempera·

476 4537 579 4611 bis
596 4595 617 4627 ,
664 4552 1038 4635 totumque
1067 4546 1275 4636 caput
1303 4533 1583 4625 illinies,
1629 4535 1853 4611 donec
1873 4535 2142 4628 'sanguis
2173 4531 2315 4632 ipsa
2344 4524 2821 4603 constrictione
2850 4527 3216 4604 claudatur.
3311 4634 3446 4704 XX
3463 4567 3603 4704 XV

513 4768 593 4838 ·1)
623 4781 678 4823 et
710 4784 825 4822 om.
842 4763 897 4822 5.
972 4765 1056 4837 m)
1089 4761 1236 4822 circa
1249 4764 1414 4818 locum
1432 4777 1528 4819 aut
1545 4765 1599 4822 S.
1614 4766 1697 4822 M,
1773 4766 1840 4839 n)
1860 4759 2016 4824 Hinc
2091 4759 2156 4831 ²2,
2169 4779 2238 4836 74
2276 4779 2333 4818 os
2359 4762 2417 4818 t'n
2442 4759 2616 4840 capite
2632 4759 2885 4834 frenum
2910 4756 3203 4838 somenam·
3234 4761 3635 4819 medic-amends

485 4843 549 4898 ad
576 4839 670 4899 fin.
700 4860 819 4898 om.
848 4840 901 4895 S.
931 4840 1014 4894 M.
1130 4839 1233 4913 [C.
1261 4837 1453 4896 XXXl.
1479 4871 1480 4874 =
1571 4839 1797 4897 Habent
1824 4842 2017 4898 eadem
2087 4836 2315 4913 frustra
2339 4851 2514 4894 vetat.
2614 4841 2671 4906 c)
2702 4837 2770 4891 Et
2800 4835 2903 4893 ins.
2934 4839 2987 4893 S.
3002 4839 3086 4892 M.
3187 4837 3247 4908 d)
3279 4837 3408 4922 (per
3434 4837 3633 4907 nares)

483 4916 760 4990 Hippiatr.
789 4911 974 4971 Ruell.
1009 4925 1067 4988 p.
1101 4931 1224 4984 115,
1252 4913 1300 4970 b.
1446 4930 1475 4967 a
1527 4910 1677 4969 Hinc
1705 4932 1817 4969 om.
1855 4916 1908 4970 S.
1932 4916 2016 4971 M.
2102 4913 2202 4972 ins.
2230 4914 2287 4970 S.
2441 4911 2546 4980 [C.
2574 4910 2857 4983 XXXIV.]
2936 4909 3105 4967 Conf.
3130 4911 3405 4984 Hippnatr.
3440 4911 3628 4969 Ruell.

516 4992 578 5047 C.
606 4985 854 5059 xxxta]
949 4987 1001 5059 a)
1024 4987 1139 5042 loca
1167 4985 1219 5044 S.
1235 4989 1318 5046 M.
1432 4988 1491 5058 b)
1517 4983 1554 5042 ἰ.
1581 4984 1639 5041 F.
1750 4989 1804 5056 c)
1829 4985 1931 5039 hiis
1956 4987 2015 5042 1⁷.
2094 5001 2150 5117 ἱ.
2174 5006 2191 5042 ι
2211 5007 2292 5055 17,
2315 5006 2367 5043 α.
2445 4986 2499 5057 a)
2528 4982 2704 5059 vstam
2731 4985 2784 5040 S.
2800 4986 2883 5041 M.
2968 4981 3311 5040 penicillum·
3334 5000 3495 5042 aceto
3525 4983 3631 5060 im-

526 5063 590 5122 C.
618 5053 895 5132 xxxm]
972 5061 1037 5132 a)
1069 5066 1169 5135 (et)
1197 5059 1301 5118 ins.
1318 5064 1373 5118 S.
1444 5061 1507 5132 b)
1534 5075 1835 5115 crumenam
1865 5059 2020 5115 EM.
2145 5079 2298 5116 utum
2315 5060 2409 5115 hic
2428 5057 3016 5131 commendantHipp.
3096 5057 3156 5128 b)
3176 5061 3265 5115 An
3282 5055 3632 5116 Graecismua

485 5145 786 5193 crumendm
813 5135 909 5189 vel
927 5143 1224 5189 curefimam
1249 5137 1306 5192 8.
1329 5137 1437 5194 M.-
1466 5135 1583 5192 vid.
1618 5132 1737 5190 lnd.
1757 5151 1813 5189 v.
1843 5144 2023 5188 curcu-
2107 5123 2221 5188 est?
2263 5133 2524 5188 Debebat
2549 5146 2697 5188 certe
2720 5131 2947 5189 animali
2957 5127 3278 5209 despumato.
3344 5129 3404 5201 c)
3433 5127 3632 5184 tardum

488 5208 593 5272 ina.
634 5209 936 5270 Caeterum
965 5209 1334 5286 Hippocrates
1359 5209 1504 5288 apud
1530 5205 1808 5288 Hippiatr.
1839 5205 2024 5269 Ruen.
2106 5205 2165 5267 S.
2180 5205 2265 5265 M.
2335 5205 2395 5281 d)
2419 5204 2592 5262 eciam
2618 5206 2670 5262 S.
2687 5206 2769 5262 M.

665 5284 852 5344 -Τοιη,
885 5281 966 5340 ΙΙ.
2697 5276 2796 5340 Ff
3259 5276 3355 5351 [C.
3385 5276 3647 5348 XXXV-1

3598 5515 3631 5541 N
