4942 6167
934 432 1268 535 ARTIS
1316 435 2169 539 VETERINARIAE
2218 465 2474 540 SIVE*
2510 471 2828 547 MvLo
2868 476 2972 543 M.
3073 453 3091 470 ’
3383 486 3529 577 305

362 656 438 726 in
480 661 761 747 potum²
858 650 1040 720 Item
1080 642 1321 719 diebus
1361 644 1607 747 quibus
1668 671 1752 720 eo
1814 648 2059 721 morbo
2105 663 2410 739 tenetur,
2477 652 2806 727 foeniculi
2846 655 3114 730 seminis
3149 664 3328 731 'cum
3365 664 3526 736 vino

366 750 755 826 cochlearia
783 750 910 821 tria
954 763 1077 821 aut
1121 762 1419 847 quatuor
1459 745 1729 822 fricabis
1774 750 1845 821 in
1889 753 2245 840 mortario,
2307 751 2574 826 adiicies
2619 758 2759 828 vini
2797 756 3024 829 cibarii
3061 760 3417 835 sextarium
3465 786 3524 852 1,

363 858 601 928 mittes
656 854 731 923 in
774 844 1147 950 ampullam
1188 864 1309 921 aut
1364 873 1606 937 cornu,
1679 864 1753 922 et
1794 849 1982 924 dabis
2034 867 2110 923 vt
2160 851 2374 942 bibat,
2453 870 2528 927 et
2566 881 2728 949 cum
2789 859 2957 951 sagis
3012 858 3190 932 bene
3235 866 3523 936 munies.
3575 896 3583 900 <

363 955 714 1045 Malagma
765 950 850 1022 ad
896 976 1152 1024 neruos
1196 948 1504 1038 claudos,
1532 954 1725 1050 ‘Sepi
1768 952 2011 1025 hircini
2054 950 2321 1042 libram,
2370 955 2865 1057 molybdaenae
2895 972 2945 1005 ¹¹¹
2985 961 3322 1053 selibram,
3369 962 3521 1036 refi—
3550 972 3632 1041 28

365 1080 494 1130 nae
531 1046 807 1139 libram,
852 1054 1199 1146 aeruginis
1232 1048 1560 1125 selibram.
1661 1051 2084 1151 Compositio
2107 1052 2189 1125 ad
2229 1078 2454 1148 genua
2488 1072 2536 1129 ¹².
2634 1063 2835 1132 Aceti
2866 1060 3175 1151 hemina,
3223 1066 3366 1138 salis
3399 1092 3519 1164 pu-
3551 1046 3656 1148 29*

363 1154 621 1243 fillum,
651 1158 817 1227 aeris
847 1152 968 1225 vsti
997 1152 1351 1240 selibram,=
1380 1149 1702 1251 finopidis
1740 1153 1929 1250 quod
1955 1155 2105 1229 satis
2144 1153 2257 1227 est.
2396 1161 2596 1232 Potio
2628 1171 2660 1204 ⁰
2700 1161 3026 1234 hiemalis.
3076 1165 3517 1254 Croci,·costi‚
3552 1192 3637 1259 30

361 1256 760 1361 Petu-oselini
800 1253 1278 1342 Macedonici,
1326 1253 1676 1340 murrhae3
1729 1253 1951 1326 thuris
1997 1256 2302 1344 maseuli,
2350 1263 2636 1332 tracanti
2667 1273 2732 1349 Ρ,
2783 1266 3042 1360 cymini
3065 1250 3521 1354 Alexandrini,

258 1430 267 1437 ,
362 1368 919 1449 crocomagmae‘,
964 1357 1220 1453 piperis
1242 1357 1475 1427 vncias
1499 1352 1827 1447 singulas,
1871 1358 2011 1427 vini
2042 1370 2115 1427 et
2143 1357 2279 1428 olei
2304 1358 2493 1455 quod
2536 1356 2784 1434 sufficit
2821 1367 3033 1459 (oua)
3083 1365 3251 1437 haec
3290 1370 3530 1439 omnia

360 1459 728 1559 permisces
745 1511 762 1544 ,
814 1471 889 1541 et
929 1454 1113 1530 dabis
1157 1481 1321 1528 cum
1359 1456 1561 1527 succo
1603 1456 1932 1554 ptisanae,
1980 1458 2093 1528 cui
2128 1459 2441 1530 immittis
2479 1462 2736 1560 palmas
2779 1492 2892 1535 xx
2905 1493 2977 1552 v,
3026 1463 3272 1539 bulbos
3316 1494 3525 1556 xxv,

364 1556 945 1657 hyffopi‘fascem,
994 1561 1313 1656 caprinos
1341 1554 1608 1654 adipeS,
1657 1557 1958 1629 catulum
1983 1572 2015 1614 ‘¹
2052 1556 2347 1631 breuem⁴
2369 1563 2609 1634 viuum
2645 1566 2886 1651 mitti3‚
2940 1591 3152 1661 quem
3200 1592 3360 1639 cum
3385 1594 3524 1640 ma-

362 1656 708 1732 defastum
754 1657 1033 1745 videris,
1058 1658 1065 1665 ’
1095 1673 1266 1733 tunc
1306 1661 1539 1729 omnia
1581 1654 1969 1746 exsiccabis‚
2033 1674 2105 1730 et
2148 1659 2419 1732 adiicies
2458 1664 2592 1734 olei
2637 1663 2825 1760 quod
2873 1661 3143 1754 sufficit,
3201 1682 3372 1740 tunc
3406 1668 3526 1740 illa

364 1764 595 1834 omnia
622 1760 991 1857 permisces
1022 1774 1098 1831 et
1121 1757 1532 1858 potionabis.
1574 1811 1579 1816 -
1683 1762 1881 1831 Potio
1911 1757 2256 1834 aestiualia
2358 1767 2714 1857 Traganti,
2757 1769 2960 1853 croci,
3012 1765 3338 1857 abrotani,
3389 1793 3522 1841 ear·
3554 1789 3634 1857 31

363 1862 696 1948 damomi,
768 1858 1029 1952 glaulii,
1107 1861 1503 1958 petroselini
1556 1859 1991 1932 Macedonici
2038 1861 2229 1934 binas
2285 1867 2553 1952 vncias,
2612 1865 2979 1958 gingiberis
3042 1893 3193 1941 vno.
3232 1893 3290 1942 1.
3351 1869 3520 1941 haec

360 1979 736 2063 temperas,
785 1976 860 2031 et
885 1984 1047 2032 cum
1079 1959 1238 2032 dare
1268 1963 1610 2060 coeperis,
1664 1963 1880 2032 mittis
1910 1963 2213 2059 quotidie
2247 1962 2558 2036 heminas
2602 1962 2895 2056 lingulas
2936 1964 3213 2059 lingulis
3254 1972 3521 2043 iumen·
3569 1994 3574 2001 ·

361 2066 466 2137 tis,
516 2152 521 2161 ι
576 2058 810 2133 Addes
852 2065 1045 2159 porri
1087 2057 1352 2149 festini,
1414 2060 1652 2160 porcla
1680 2073 1704 2106 ²·
1745 2058 1822 2160 fil
1871 2063 2149 2153 Gallici,
2209 2063 2407 2155 thus,
2473 2067 2740 2165 apium,
2808 2069 2943 2140 olei
2974 2069 3127 2142 Afri
3153 2070 3520 2160 heminam,

361 2159 774 2266 temperabis
803 2160 992 2262 quod
1018 2157 1268 2237 sufficit
1296 2172 1368 2234 e't
1392 2162 1601 2236 vteris
1631 2170 1675 2232 ⁸.

1034 2406 1965 2521 CVRAE
2161 2396 2858 2523 BOVM

1429 2621 1611 2692 'Ex
1731 2620 2443 2693 CORPORE

712 2738 3156 2873 GARG1L11MART1AL1S.

361 2983 557 3158 An
597 2979 816 3057 boum
847 2980 1188 3055 morbum.
1293 2979 1519 3052 Salem
1544 2981 1784 3052 tritum
1814 3005 1943 3080 per
1970 3003 2189 3053 cornu
2218 3002 2379 3053 cum
2408 2983 2573 3054 vino
2598 2973 2675 3055 in
2703 2974 3064 3081 potionem
3093 2981 3298 3059 dabis.
3391 2992 3524 3063 Bos
3599 3004 3616 3015 '

554 3111 671 3157 ves
704 3083 986 3157 morbos
1013 3097 1038 3126 ⁸
1085 3105 1175 3151 ne
1202 3095 1475 3166 noceat,
1523 3080 1682 3153 dato
1709 3082 2010 3179 sumptas
2043 3083 2219 3165 salis,
2257 3094 2451 3151 terna
2473 3082 2643 3153 lauri
2663 3083 2864 3171 folia,
2910 3100 2982 3156 et
3008 3085 3303 3159 totidem
3378 3093 3524 3163 orri·

360 3172 623 3273 sefflffi,
687 3200 760 3259 et
801 3184 1014 3281 vlpici
1056 3181 1168 3251 alii
1195 3174 1228 3222 b
1279 3193 1502 3251 ternas
1549 3181 1793 3279 spicas,
1862 3183 2033 3252 turis
2079 3179 2346 3272 grandis
2404 3205 2615 3272 grana
2665 3196 2889 3271 terna,
2954 3113 3515 3261 herbaefsaginae

359 3286 549 3360 erbas
578 3303 845 3371 ternas,
892 3295 1087 3353 rutae
1117 3278 1478 3353 cauliculos
1507 3294 1741 3353 ternos
1759 3339 1776 3370 ,
1827 3277 2120 3353 sambuci
2149 3277 2477 3352 carbones
2507 3292 2533 3326 ⁰
2560 3297 2815 3354 ternos.
2911 3288 3106 3358 Haec
3133 3291 3363 3359 omnia
3391 3288 3512 3364 sub
3577 3310 3628 3365 -Ξ

360 3388 474 3460 dio
510 3387 688 3458 coeli
718 3408 848 3483 per
872 3380 1177 3471 triduum
1208 3402 1288 3453 ex
1337 3379 1573 3453 eadem
1622 3385 1984 3480 potionem
2026 3380 2221 3453 datoz
2290 3376 2551 3453 adiesto
2597 3383 2847 3455 scilicet
2890 3388 3070 3458 vino.
3168 3388 3382 3471 Quod
3423 3395 3517 3464 ita

358 3489 708 3585 partieris,
756 3499 835 3556 vt
875 3506 1115 3581 aequas
1158 3485 1482 3582 potiones
1523 3502 1653 3581 per
1694 3482 2004 3555 triduum
2046 3484 2345 3579 accipiat.
2391 3483 2401 3498 “
2449 3484 2626 3554 Sane
2663 3485 2749 3570 is,
2794 3487 2912 3581 qui
2955 3483 3170 3577 dabit,
3230 3489 3516 3567 sublime

360 3586 522 3674 stet,
556 3601 647 3658 ·et
667 3585 817 3659 vaso
845 3586 1076 3679 ligneo
1112 3582 1428 3656 infundat
1461 3586 1532 3655 in
1565 3610 1673 3670 os,
1713 3584 2047 3656 deiciatin
2093 3596 2393 3675 gutture.
2549 3589 2772 3655 Boues
2802 3588 2832 3628 ‘¹
2875 3582 2927 3655 fi
2969 3602 3320 3679 aegrotare
3360 3616 3515 3664 coe-
3585 3633 3624 3705 3

356 3690 619 3788 perint,
671 3687 829 3759 dato
863 3689 1195 3760 continuo
1234 3709 1451 3760 ouum
1496 3682 1924 3777 gallinacium
1945 3740 1961 3772 ,
2008 3682 2196 3783 quod
2242 3680 2534 3755 crudum
2572 3687 2843 3777 integro
2879 3699 2908 3730 ⁶
2941 3684 3146 3759 facito
3188 3704 3262 3760 vt
3304 3688 3514 3764 deuo-

212 3799 231 3817 ‘
356 3804 501 3861 ret:
545 3784 816 3862 Postero
859 3789 970 3862 die
996 3802 1206 3890 caput
1245 3787 1458 3888 vlpici
1500 3786 1611 3857 alii
1640 3782 1678 3855 f.
1776 3790 1909 3859 Bos
1953 3782 2004 3859 fi
2054 3797 2393 3891 aegrotat,
2446 3783 2757 3884 quotidie
2796 3788 2882 3876 ei,
2905 3784 3065 3860 dato
3107 3812 3308 3862 vnam
3350 3795 3517 3863 emi·

3349 3916 3516 3968 nam

360 4038 1786 4191 ff}452‘52553322223333¹²ffisssfd1342³s3233¹
1816 4055 2147 4179 02323221,
2189 4034 2391 4196 {iffim
2406 4053 2918 4168 ’0.{'{.5;¹;.¹‘¹¹i.2‘..
2936 4037 3214 4188 “3322
3269 4043 3518 4186 {iststzffissf

361 4189 460 4265 qui
491 4207 545 4259 5,
584 4206 689 4247 100
747 4186 1138 4265 plumbaginem
1186 4189 1254 4245 ad
1300 4189 1451 4245 hanc
1512 4205 1633 4244 rem
1689 4188 1891 4244 laudat.
1975 4185 2070 4247 fed
2146 4184 2270 4242 abis
2342 4183 2572 4250 verbis,
2649 4186 2797 4258 apud
2873 4187 3116 4244 Colume
3142 4189 3252 4245 lam
3319 4195 3386 4259 6,
3459 4212 3515 4263 4,

360 4267 430 4336 n)
471 4282 595 4320 non
623 4264 749 4319 sana
778 4261 996 4318 videtur
1018 4279 1132 4319 vox
1142 4276 1343 4333 genua.
1451 4259 1514 4329 o)
1544 4260 1749 4318 Eadem
1773 4260 1894 4318 fere
1978 4272 2008 4318 8
2037 4270 2078 4318 c
2106 4270 2153 4316 Η
2184 4270 2230 4315 0
2257 4268 2298 4314 Ε
2325 4270 2374 4316 Τ
2398 4270 2446 4315 T
2474 4269 2538 4315 G.
2608 4259 2757 4317 Mihi
2814 4259 2979 4317 etiam
3016 4260 3246 4330 accidit,
3277 4281 3348 4321 vt
3387 4265 3514 4324 lon·

360 4336 516 4411 potio
570 4336 645 4393 est
686 4334 957 4408 Hippiam
998 4333 1179 4390 Ruell.
1277 4374 1292 4388 .
1329 4351 1451 4402 107,
1479 4336 1527 4390 b.
1720 4334 1822 4405 )h.
1848 4350 1892 4388 e.
2023 4353 2058 4389 o
2100 4349 2270 4407 opere
2307 4330 2509 4397 fess'us,
2581 4350 2708 4388 curn
2760 4331 3044 4401 viderem,
3113 4335 3264 4393 nihil
3320 4339 3513 4395 admo-

359 4409 757 4483 tragaeca'nthaee
803 4424 864 4461 vt
903 4405 1052 4490 reste
1093 4348 1275 4464 Ruels.
1314 4406 1528 4464 scilicet
1570 4408 1633 4466 in
1716 4425 1789 4463 oc
1830 4404 1896 4463 in
1983 4351 2150 4471 dum,
2221 4419 2288 4462 vt
2322 4404 2663 4477 speraueram
2700 4403 2904 4490 initio,
2954 4425 3179 4493 mutuae
3211 4410 3335 4483 opis
3360 4429 3515 4482 prae-

358 4481 1350 4626 ffiffisstis‘i'mcessssrffssi‘irffiuss‘ssff
1364 4480 1785 4611 as'bzksst‘ssssfcuffl‘
1802 4478 1898 4609 ιῖῗὲ
1980 4480 2139 4609 ῗὲἷΐς
2172 4475 2325 4608 Ρῗιέῗ
2374 4480 2911 4623 ““,ἓὲἓυηῖ“ἒ,ξιῗὲἑ“
2939 4482 3215 4612 ,ῗιῖἷὲῗὲἕ
3227 4521 3246 4549 ’
3265 4498 3513 4613 mssfiqu‘

358 4629 461 4686 ins.
514 4593 701 4686 Ruell.
765 4570 1469 4698 crocomagmamgomittit,
1531 4644 1592 4686 et
1648 4642 1897 4683 manum
2094 4642 2150 4681 m
2203 4623 2267 4682 in
2307 4589 2566 4681 'tenebris
2612 4624 2779 4681 tantis
2833 4616 2949 4682 sm'e
3013 4629 3163 4690 bona
3223 4627 3320 4702 spe
3386 4575 3512 4687 sent:

360 4696 660 4761 substituit.
777 4701 852 4774 q)
881 4699 1049 4755 carah
1084 4698 1334 4756 {mentis
1370 4699 1429 4752 εἰσ
1467 4717 1611 4774 aqua
1633 4700 1898 4774 feruefae·
1980 4640 2097 4756 gii.
2211 4696 2384 4784 Igitur
2449 4716 2622 4771 pauca
2674 4714 2898 4759 tantum
2951 4717 3222 4758 annotare
3321 4702 3511 4772 lacuit,

361 4777 434 4831 aa·
453 4776 537 4831 ius
562 4773 742 4832 Ruell.
830 4776 895 4845 r)
932 4775 1101 4831 Forte
1117 4772 1461 4849 portulacae,
1479 4774 1623 4844 filie.
1714 4776 1768 4849 e)
1790 4774 1904 4832 Sed
1982 4789 2126 4848 quae
2184 4772 2325 4829 mnlu
2386 4772 2511 4847 post
2571 4788 2856 4831 recentem
2922 4774 3145 4849 vegetii
3202 4776 3259 4831 le
3315 4776 3512 4836 ionem

362 4850 490 4906 baec
513 4849 641 4905 vide
663 4847 756 4904 tib.
790 4866 835 4904 1.
863 4860 979 4923 cap:
1004 4866 1072 4923 5⁷
1098 4848 1222 4905 add.
1250 4846 1311 4904 F.
1338 4861 1401 4902 et·
1422 4847 1479 4902 S.
1826 4846 1853 4858 “
1986 4847 2050 4905 in
2089 4863 2339 4904 mentem
2374 4846 2576 4903 venire
2611 4842 2832 4902 facilius
2868 4862 3032 4920 quam
3066 4850 3198 4906 alias
3229 4867 3508 4924 poterant.

1987 4923 2041 4992 a)
2077 4921 2303 4976 morbus.
2438 4921 2501 4991 b)
2539 4918 2673 4976 allii.
2817 4920 2872 4990 c)
2901 4921 3155 4977 turinnes.
3185 4950 3193 4955 -
3303 4924 3365 4995 d)
3398 4927 3538 4982 Ha·-

435 4993 777 5055 Exhibemus
796 4992 947 5052 -baee
977 4997 1166 5055 omnia
1209 4995 1286 5054 ita
1324 4989 1628 5065 descripta,
1665 5008 1790 5048 cum
1818 4993 1906 5050 vi·
1988 4996 2088 5052 bes
2114 4994 2250 5051 haec
2281 4994 2425 5067 apud
2450 4993 2834 5051 Columellam
2863 4998 2914 5058 6,
2940 5014 2993 5063 4,
3020 5013 3070 5051 2.
3187 4995 3243 5068 e)
3281 4998 3510 5071 integre,

360 5066 457 5126 tiis
485 5065 647 5121 etiam
688 5084 873 5140 aperte
910 5068 1089 5139 fallis,
1173 5087 1305 5128 rout
1344 5068 1407 5125 in
1450 5062 1651 5122 codice
1690 5063 1910 5148 Igugduss
1988 5068 2427 5141 vel'integrume
2482 5066 2688 5125 deinde
2730 5067 3004 5124 denerat.
3054 5080 3508 5130 scHOETTG.

362 5138 521 5201 nenfi
548 5140 845 5213 leguntur,
913 5159 978 5201 vt
1014 5163 1112 5205 eru
1156 5144 1252 5214 Ἠ.
1339 5159 1487 5221 quae
1522 5155 1553 5196 a
1575 5135 1748 5198 nolus
1778 5136 1913 5195 tom
1990 5138 2059 5212 ἕ)
2088 5139 2224 5197 albii.

517 5210 655 5271 Μ·
671 5213 753 5271 ¹¹·
2616 5212 2733 5289 Q
3271 5218 3332 5295 g)
3357 5187 3522 5276 me.
