4942 6167
1381 460 1530 552 306
1733 521 1744 528 .
1962 450 2486 529 GARGILII
2545 444 3171 525 MARTIALIS
3237 448 3599 526 CVRAE
3653 455 3983 529 BovM.

1385 664 1545 713 nam
1570 647 1601 697 ⁸
1632 638 1802 725 vini,
1825 653 1925 715 ,et
1947 661 2265 725 exercere
2290 635 2468 710 bene
2497 639 2730 733 viuere
2760 633 3083 708 medium.
3130 630 3181 706 si
3213 651 3550 729 aegrotat,
3601 638 3886 713 herbam
3918 642 4352 715 centauream
4380 667 4545 718 con·

1268 742 1317 821 24
1387 745 1544 815 trita
1568 736 1601 784 ¹¹
1642 763 1721 810 ex
1745 741 1905 810 vino
1931 738 2219 811 infunde
2249 752 2374 837 per
2402 763 2715 810 cornum.
2795 753 2800 757 ’
2866 742 2998 808 Bos
3027 732 3075 806 fi
3102 753 3440 828 aegrotat,
3473 743 3766 812 muriam
3791 743 4165 815 salsamenti
4191 749 4543 841 optimam,

1387 857 1459 915 et
1492 842 1747 913 malum
1773 855 1991 911 terrae
2019 864 2229 938 aquae
2261 841 2419 913 sext.
2465 841 2639 910 aceti
2681 835 2773 908 fil.
2827 853 2981 908 ruta
3012 839 3350 909 conterito
3381 854 3453 910 et
3483 837 3682 911 labris
3711 841 4093 940 perfricato.
4198 846 4332 916 Vel
4375 846 4546 917 radi.

1328 963 1341 1003 '-
1386 966 1538 1035 cem
1582 939 1834 1012 herbae
1874 938 2349 1038 persona'ciaei
2394 941 2735 1011 contet-ito
2783 950 2855 1008 et
2895 939 3117 1035 primo
3163 936 3274 1008 die
3319 937 3479 1011 dato
3517 965 3672 1014 vnc.
3717 967 3771 1029 ι,
3829 947 4133 1040 Vinique
4165 947 4323 1016 sext.
4366 969 4422 1033 1,
4468 962 4545 1018 et

1276 1065 1316 1133 ς
1389 1068 1615 1141 aquae.
1728 1046 1862 1112 Bos
1891 1038 1937 1111 fi
1970 1055 2306 1134 aegrotat,
2355 1043 2541 1112 iunci
2579 1037 2877 1110 radicem
2915 1038 3256 1133 decoques
3299 1054 3370 1110 et
3414 1064 3541 1138 per
3583 1065 3875 1117 cornum
3916 1041 4123 1116 dabis.
4267 1046 4412 1120 Βαέ
4432 1049 4447 1090 ¹
4489 1044 4541 1120 fi

1385 1141 1645 1228 tumet,
1695 1157 1814 1212 aut
1838 1137 1886 1212 fi
1926 1142 2307 1240 suspirauit,
2353 1153 2571 1242 terrae
2612 1140 2905 1224 malum,
2962 1162 3177 1210 ouum
3221 1137 3515 1213 crudum
3552 1156 3624 1212 et
3661 1141 3936 1240 adipem
3980 1144 4287 1234 suillum,
4327 1160 4411 1218 et
4448 1148 4542 1218 vi·

1386 1269 1556 1316 num
1582 1256 1779 1314 vetus
1795 1299 1814 1330 ,
1863 1241 2131 1341 adipem
2173 1258 2406 1314 tamen
2446 1244 2638 1340 prius
2682 1237 3071 1337 liquefacito
3120 1251 3193 1308 et
3237 1238 3393 1310 dato
3411 1295 3432 1326 ,
3482 1243 3706 1328 iuuat3
3760 1244 3874 1314 vel
3910 1245 4335 1321 marrubium
4380 1270 4542 1318 cum

1382 1346 1547 1415 vino
1576 1341 1791 1415 datur.
1947 1346 2013 1414 Si
2038 1341 2162 1414 bos
2201 1343 2456 1414 collum
2504 1339 2924 1426 subtorserit,
2990 1336 3198 1409 ebulo
3240 1343 3537 1413 contrito
3578 1346 4072 1439 perunguitur,
4119 1346 4321 1445 saepe
4346 1361 4395 1391 ¹¹²
4431 1346 4542 1419 vel

1383 1443 1755 1524 medullam
1781 1446 2071 1530 taurina,
2121 1447 2309 1542 prius
2338 1458 2571 1514 tamen
2599 1442 2957 1538 axungiam
2984 1439 3369 1538 perfricata.
3513 1445 3581 1513 Si
3622 1446 3696 1513 in
3740 1443 4000 1516 collum
4039 1451 4240 1520 nerui
4284 1447 4541 1521 labora·

1384 1547 1636 1630 verint,
1684 1544 1931 1614 sumito
1963 1547 2292 1616 corticem
2318 1568 2576 1616 nouam
2600 1540 2687 1613 de
2725 1539 3003 1628 subero,
3047 1537 3435 1613 comburito
3475 1556 3551 1614 vt
3590 1542 3919 1616 carbones
3964 1542 4163 1632 fiant,
4218 1561 4293 1618 et
4329 1549 4538 1620 terito

1387 1670 1469 1717 ex
1488 1648 1654 1716 vino
1685 1645 1901 1714 veteri
1931 1660 2005 1717 et
2029 1647 2314 1737 axungia
2338 1643 2517 1716 bene
2548 1648 2729 1715 inter
2760 1643 2827 1713 se
2854 1644 3225 1714 commixto
3273 1656 3346 1712 et
3380 1642 3779 1739 perh-iente,
3840 1648 3904 1718 ei
3937 1658 3969 1690 ¹²
4007 1647 4195 1718 collo
4238 1648 4362 1745 pili
4403 1649 4537 1720 sae·

1386 1749 1542 1844 pius
1574 1741 1913 1817 defluunt.
2015 1745 2202 1818 Vlmi
2239 1746 2585 1817 vernaculi
2626 1741 2923 1816 radicem
2969 1769 3051 1813 ex
3090 1743 3250 1815 vino
3296 1741 3703 1842 decoquitur
3730 1759 3759 1790 ⁰
3804 1743 3887 1816 ad
3930 1749 4161 1818 tertias
4175 1803 4196 1832 ,
4243 1761 4321 1820 et
4357 1772 4538 1834 eum,

1386 1870 1553 1919 cum
1581 1871 1757 1943 opus
1787 1871 1933 1917 non
1959 1843 2194 1933 faciet,
2250 1847 2509 1944 saepius
2536 1847 2957 1944 perunguito
2974 1901 2991 1931 ,
3041 1843 3155 1915 vel
3175 1840 3449 1941 adipem
3474 1841 3763 1917 vrfinam
3792 1846 3904 1920 vel
3926 1847 4305 1921 medullam
4336 1852 4538 1924 tauri·

1322 1958 1361 2028 8
1388 1972 1576 2032 nam,
1649 1948 1834 2043 prius
1880 1961 2109 2018 tamen
2152 1952 2438 2039 axungia
2463 1946 2859 2046 perfricato.
3013 1947 3083 2015 Si
3120 1940 3286 2014 boui
3331 1941 3646 2018 intestina
3681 1943 4051 2035 dolebunt,
4107 1948 4355 2023 sumito
4399 1952 4539 2023 vini

1384 2049 1544 2136 sext.
1572 2051 1704 2134 111,
1757 2061 1829 2118 et
1876 2046 2011 2118 olei
2054 2051 2257 2119 emin.
2303 2064 2376 2121 et
2414 2050 2831 2147 permixtum
2885 2070 3013 2144 per
3052 2067 3343 2117 cornum
3388 2059 3461 2115 et
3516 2059 3707 2118 curat
3752 2046 4257 2124 remediabitur.
4359 2053 4538 2123 Item

1383 2147 1585 2220 aliud.
1688 2148 1850 2220 Salis
1880 2158 1910 2203 Ρ
1948 2163 2266 2247 pugnum
2291 2164 2364 2220 et
2405 2174 2616 2247 cepae
2667 2149 2887 2246 capita
2925 2151 3015 2232 X,
3068 2147 3320 2243 pariter
3358 2147 3737 2232 conterite,
3792 2162 3866 2220 et
3910 2151 3985 2220 in
4026 2146 4207 2223 offae
4244 2152 4536 2226 modum

1382 2249 1678 2335 reficito,
1721 2274 1872 2320 eam
1896 2253 1968 2320 in
1995 2275 2203 2323 anum
2227 2248 2426 2322 bobis
2453 2253 2722 2336 inicito,
2778 2262 2851 2317 et
2876 2244 2984 2318 fac
3008 2269 3171 2317 eum
3217 2269 3400 2317 arare
3444 2249 3776 2318 continuo
3820 2246 3968 2319 folli
4021 2265 4093 2320 et
4132 2252 4327 2325 sanus
4388 2255 4536 2324 erit.

1269 2364 1317 2433 9
1384 2349 1649 2422 Scabies
1677 2347 1874 2423 bobis
1917 2376 2150 2424 neues.
2198 2366 2270 2423 et
2314 2350 2547 2426 erbam
2586 2347 2633 2421 fi
2673 2350 2924 2424 satrum
2969 2345 3252 2435 tundes,
3315 2360 3386 2418 et
3438 2371 3518 2418 ex
3562 2372 3648 2421 eo
3694 2372 3909 2446 pecus
3950 2349 4223 2425 lauabis.
4321 2357 4415 2426 Et
4454 2363 4580 2426 ex'

1382 2462 1581 2547 aqu'a,
1626 2453 1701 2520 in
1729 2477 1863 2546 qua
1889 2452 2108 2549 lupini
2133 2449 2399 2524 decosti
2451 2452 2740 2537 fuerint,
2785 2449 3233 2520 nihilominus
3264 2444 3534 2519 lauabis.
3606 2449 3863 2522 -Bobus
3910 2467 3983 2523 et
4012 2456 4292 2526 caeteris
4328 2479 4534 2552 peco·

1272 2564 1360 2627 ,ΞΘ
1382 2551 1568 2624 ribus
1600 2549 1887 2622 scabiem
1927 2568 2003 2623 vt
2032 2551 2374 2639 discutias»,
2423 2549 2725 2626 intibum
2751 2546 3127 2621 siluaticum
3159 2551 3454 2620 conteris
3485 2561 3558 2621 et
3600 2555 3994 2649 perunguis.
4089 2560 4223 2628 Bos
4261 2572 4378 2628 aut
4420 2553 4534 2628 afi-
4625 2573 4641 2595 ’

1378 2677 1550 2723 num
1580 2648 1627 2721 fi
1659 2650 1940 2722 eosdem
1965 2650 2246 2724 morbos
2273 2652 2663 2740 inciderint,
2714 2653 2957 2724 sumito
2990 2650 3167 2721 scilla
3192 2665 3310 2720 aut
3335 2651 3631 2722 rumnisa
3657 2663 3694 2712 ‘l
3731 2652 4063 2742 radicem,
4117 2654 4187 2726 id
4227 2654 4354 2743 est,
4401 2658 4530 2755 spi-

1378 2777 1538 2823 nam
1563 2749 1786 2824 albam
1810 2775 2018 2848 quam
2040 2757 2520 2838 tenerrimam,
2568 2767 2641 2822 et
2669 2755 2740 2821 in
2768 2777 2807 2821 a
2851 2774 3012 2821 um
3039 2747 3401 2820 infundito.
3500 2755 3597 2822 Ex
3626 2777 3762 2857 qua
3790 2779 3915 2853 per
3946 2755 4088 2828 dies
4120 2755 4529 2856 quatuorde-

1266 2869 1350 2923 ιι
1382 2853 1517 2922 cim
1541 2848 1744 2921 bibat.
1887 2851 2092 2922 Vnde
2116 2851 2679 2950 expurgabuntur
2709 2866 2780 2921 et
2833 2850 3042 2921 a'nitas
3094 2850 3547 2947 consequitur.
3706 2854 4056 2928 Irudinem
4086 2869 4111 2901 ³
4156 2856 4206 2929 fi
4246 2856 4373 2930 bos
4413 2849 4530 2930 de-

1265 2979 1352 3041 ‚12
1378 2952 1755 3036 renuerit,
1797 2952 2112 3022 cimicem
2140 2966 2486 3038 conteres,
2540 2966 2614 3023 et
2640 2951 2725 3023 ad
2763 2974 2956 3021 nares
3000 2953 3145 3025 eius
3189 2949 3621 3041 admonebis,
3669 2952 3892 3031 statim
3942 2961 4157 3031 eicies.
4282 2965 4438 3032 ·Bos
4476 2955 4527 3030 {i

1374 3077 1521 3125 non
1548 3051 1845 3141 rumigat
1872 3063 1911 3137 ⁸,
1935 3096 1940 3106 -
1964 3050 2173 3123 salicis
2201 3051 2364 3123 folia
2388 3066 2506 3122 aut
2537 3054 2866 3123 corticem
2897 3055 3039 3122 eius
3067 3049 3518 3123 viridissimam
3546 3056 3958 3131 contundite
3975 3115 3993 3146 ‚
4042 3076 4113 3130 et
4152 3063 4223 3131 in
4255 3085 4340 3133 eo
4368 3062 4520 3133 sext.

1374 3154 1518 3225 vini
1541 3150 1770 3224 addito
1790 3205 1807 3236 ,
1859 3165 1933 3222 et
1958 3151 2093 3223 olei
2123 3166 2387 3251 partem
2418 3165 2724 3249 quartam
2749 3153 2821 3222 in
2848 3152 2915 3224 se
2960 3148 3137 3222 bene
3168 3151 3445 3239 misceto
3462 3208 3478 3239 ,
3527 3169 3598 3223 et
3622 3179 3750 3253 per
3779 3183 4070 3232 cornum
4094 3159 4264 3234 boui
4298 3161 4522 3234 infun·

1270 3286 1348 3356 ¹3
1378 3252 1545 3327 dito.
1649 3247 2049 3325 Intestinum
2088 3256 2276 3325 enim
2318 3255 2543 3324 mouit
2580 3269 2654 3325 vt
2691 3251 2946 3352 pedere
2985 3278 3127 3325 non
3174 3249 3379 3324 ceffet
3419 3259 3660 3327 enouit
3706 3258 4057 3335 sanabitur.
4208 3267 4525 3335 Iumenta

1375 3352 1423 3425 fi
1455 3363 1475 3397 ⁸
1514 3349 1919 3451 potionabis.
2020 3357 2293 3428 Stercus
2335 3356 2726 3451 leporinum
2770 3369 2841 3425 et
2881 3378 3125 3451 cepam
3159 3351 3399 3426 siccam
3438 3380 3598 3428 cum
3636 3360 3796 3432 vino
3851 3365 4224 3452 conterito,
4284 3379 4377 3449 et,
4394 3389 4521 3460 pet

1281 3507 1291 3515 -
1375 3474 1597 3524 cornu
1627 3452 1802 3524 dato.
1902 3457 2300 3528 Iumentum
2327 3457 2646 3538 tuscones
2676 3452 2725 3526 fi
2756 3453 3064 3543 habebit,
3114 3455 3323 3527 alium
3355 3481 3521 3529 cum
3563 3465 3850 3555 axungia
3880 3468 4176 3537 conteris
4204 3480 4277 3536 et
4300 3463 4518 3536 dabis:

1373 3556 1558 3646 aegri
1593 3553 1711 3625 des
1738 3554 2120 3629 remedium
2157 3556 2684 3641 foeniculicum
2711 3580 2882 3655 cepa
2910 3559 3205 3629 conteris
3246 3574 3319 3629 et
3357 3561 3745 3657 potionabis
3788 3567 4093 3639 iumenta
4132 3562 4184 3637 fi
4224 3570 4517 3640 crocina-

1268 3679 1350 3746 14
1374 3653 1634 3728 buntur
1662 3658 1995 3744 iumenta,
2045 3658 2466 3732 marrubium
2494 3672 2568 3728 et
2595 3662 2881 3750 axungia
2910 3660 3206 3729 conteris
3249 3675 3322 3729 et
3354 3662 3430 3729 in
3457 3664 3618 3732 vino
3667 3661 3873 3736 dabis.
4018 3666 4129 3739 Ad
4167 3667 4514 3760 glandulas

1371 3759 1860 3831 iumentorum.
1958 3762 2152 3830 Luna
2186 3763 2386 3831 XIV.
2428 3783 2662 3848 mane,
2720 3775 3084 3856 antequam
3128 3783 3368 3830 manus
3411 3759 3625 3847 lanes,
3675 3763 3991 3839 iumento
4032 3771 4261 3840 omnia
4303 3772 4515 3867 impe-

1374 3856 1675 3929 dimenta
1704 3856 1922 3943 tollis,
1975 3872 2048 3929 et
2075 3882 2315 3930 manus
2350 3870 2384 3904 ¹¹
2423 3856 2673 3931 finistra
2702 3859 2917 3951 digito
2948 3859 3331 3931 medicinali
3361 3858 3449 3928 de
3480 3859 3871 3950 glandulam
3902 3869 4392 3966 apprehendis,
4442 3884 4515 3940 et

1373 3959 1545 4029 haec
1581 3955 1779 4031 dicis:
1836 3959 2029 4027 Senti
2056 3969 2085 4001 x
2128 3976 2452 4057 precante
2483 3983 2614 4051 nec
2638 3960 2805 4059 lapis
2834 3959 3056 4032 lanam
3084 3959 3244 4031 feri:
3293 3964 3455 4029 Nec
3481 3961 3819 4037 lumbicos'
3850 3970 4088 4052 oculos
4116 3970 4356 4058 habet„
4383 3993 4513 4040 nec

1375 4051 1569 4157 {mula
1594 4058 1788 4154 parit.
1885 4057 2272 4132 Vtriculum
2298 4059 2496 4134 coffia
2523 4062 2915 4159 herpiosum
2942 4061 3141 4133 arbor
3152 4059 3287 4132 fuit
3310 4083 3519 4133 manu
3550 4063 3851 4140 humana
3889 4067 4059 4141 haec
4084 4071 4225 4168 ipsa
4254 4070 4513 4143 concisa

1373 4153 1506 4242 est,
1563 4152 1776 4227 corbo
1818 4150 2033 4230 fastus
2083 4157 2178 4231 est
2222 4176 2293 4232 et
2330 4159 2378 4231 fi
2425 4162 2630 4235 tuber
2648 4217 2664 4247 ,
2710 4158 2759 4232 fi
2812 4187 3029 4260 panus
3071 4161 3262 4234 euala
3296 4159 3533 4235 subula
3570 4173 3830 4240 necetis
3875 4195 4005 4241 nec
4041 4170 4298 4244 radices
4337 4196 4509 4264 agas.

1271 4276 1352 4342 ις
1377 4261 1545 4328 Hoc
1589 4256 1796 4330 semel
1836 4255 2037 4331 dices.
2177 4265 2244 4333 Si
2290 4265 2681 4335 iumentum
2720 4259 2969 4339 stercus
3013 4263 3438 4354 gallinacium
3480 4271 3886 4357 comederit,
3947 4269 4285 4346 brafficam
4329 4297 4511 4366 agre-

1269 4369 1350 4432 16
1373 4355 1544 4439 stem
1578 4360 1782 4433 terito
1811 4382 1970 4432 cum
2001 4363 2159 4435 oleo
2187 4378 2258 4435 et
2286 4377 2513 4456 aceto,
2550 4354 2737 4439 bibat
2759 4388 2889 4463 per
2913 4388 3221 4439 cornum.
3360 4364 3472 4439 Ad
3515 4369 3995 4445 abundantiam
4030 4373 4367 4467 sanguinis
4399 4399 4508 4466 ge·

4257 4472 4510 4548 nestam

1274 1351 1321 1534 &105

1453 4597 1512 4675 g)
1547 4598 1827 4657 heminam.
1944 4600 2012 4672 h)
2050 4605 2357 4664 contritam.
2466 4609 2911 4689 isperfonaeeaen
2991 4631 3137 4691 quae
3171 4630 3312 4672 nota
3344 4615 3428 4673 est
3469 4615 3661 4690 spinae
3709 4616 3937 4690 species.
4081 4622 4149 4694 r)
4190 4622 4509 4681 Columella

1372 4685 1537 4749 yocat
1570 4673 1888 4731 Columella
1907 4681 1960 4742 6,
1993 4694 2078 4745 17,
2107 4696 2152 4735 ι.
2195 4691 2653 4744 SCHOETTG.
2731 4689 2778 4760 l)
2807 4690 2908 4748 Ea-
2975 4699 3046 4757 —62
3102 4701 3185 4754 ¹8·
3225 4707 3279 4746 2·
3347 4701 3376 4746 S
3400 4701 3442 4747 C
3464 4703 3515 4749 Η
3539 4703 3584 4750 0
3610 4702 3650 4753 Ε
3673 4704 3721 4749 Τ
3747 4705 3795 4750 Τ
3823 4705 3885 4751 G.
4034 4696 4098 4765 ς)
4138 4695 4379 4751 '‘mim''
4438 4715 4506 4754 ⁶¹

1371 4744 1506 4814 dem
1534 4745 2100 4831 trattanttjolumella
2115 4759 2170 4819 6,
2190 4771 2260 4810 10
2303 4772 2360 4812 et
2384 4758 2901 4831 Geoponici17,ax
2987 4763 3311 4821 Columella
3334 4769 3389 4830 6,
3420 4772 3476 4831 6,
3509 4784 3556 4822 ι.
3616 4778 3646 4822 8
3672 4776 3714 4823 c
3742 4778 3789 4824 Η
3818 4779 3862 4826 0
3885 4778 3927 4828 Ε
3949 4781 3997 4827 Τ
4020 4781 4069 4826 Τ
4096 4779 4165 4825 <is
4306 4769 4365 4838 t)
4402 4771 4504 4826 Le.

1369 4815 1482 4886 Sed
1512 4819 1619 4874 aha
1655 4819 2063 4880 medrcamenta
2099 4826 2495 4898 praescribunt.
2535 4843 2901 4892 scHoETTG.
2984 4854 3056 4912 ge
3102 4838 3206 4907 fic.
3281 4848 3311 4894 8
3338 4847 3379 4895 c
3403 4849 3452 4898 Η
3478 4851 3523 4897 0
3550 4849 3586 4898 Ε
3609 4851 3657 4896 T
3684 4851 3731 4897 Τ
3757 4852 3817 4900 G.
3960 4848 4040 4915 u)
4084 4860 4245 4908 ”1³⁸⁸
4277 4841 4504 4918 fflss7⁴

1371 4887 1467 4958 m)
1497 4886 1696 4962 sepum.
1861 4898 1939 4966 n)
1959 4897 2029 4966 fi
2073 4896 2196 4954 codo
2236 4900 2348 4988 pile·
2377 4903 2594 4976 saepius
2640 4905 2897 4977 defluunt.
2980 4909 3081 4966 vel
3122 4927 3310 4965 manus
3328 4911 3606 4987 stne-'stram
3733 4915 3814 4985 αι)
3847 4914 4045 4975 Versus
4105 4917 4236 4974 sunt
4292 4917 4505 4984 senarii.

1374 4971 1406 5036 ξ
1423 4969 1463 5016 C
1481 4971 1583 5017 ΗΟ
1600 4973 1828 5023 ETTG.
1943 4972 2007 5039 o)
2033 4973 2317 5047 decoquere.
2355 4985 2385 5031 ε
2411 4987 2452 5032 c
2479 4987 2527 5032 H
2555 4987 2601 5033 Ο
2623 4988 2663 5036 E
2687 4990 2736 5036 T
2762 4991 2811 5037 T
2834 4991 2895 5039 G.
2979 4979 3074 5040 sed
3097 4983 3172 5041 de
3205 5002 3452 5060 quorum
3485 4985 3645 5042 sensu
3679 4985 3790 5044 iam
3828 4989 3966 5049 certi
4000 4990 4150 5052 nihil
4180 4993 4503 5068 promittere

1364 5033 1656 5118 p)·eadem
1673 5039 1795 5121 Geo
1838 5058 1933 5098 on.
1956 5059 2041 5108 17,
2062 5061 2142 5113 ¹9·
2179 5057 2264 5104 sc
2287 5059 2647 5109 HOETTG.
2722 5053 2897 5128 q)Ex›
2973 5057 3282 5133 possumus·
3334 5072 3365 5119 s
3388 5069 3430 5119 G
3453 5070 3503 5118 Η
3524 5069 3569 5117 ο
3592 5069 3638 5118 Ε
3661 5071 3710 5117 Τ
3735 5073 3783 5118 T
3810 5072 3871 5121 G.

1247 5159 1257 5169 ,
1364 5108 1604 5183 plicatio
1664 5111 1786 5170 adse
1918 5114 2084 5174 docet
2129 5116 2434 5195 legendum
2494 5124 2599 5185 effe
2659 5126 2895 5200 rhamni,

4154 5262 4191 5272 -·
4276 5212 4505 5290 nei-e.
