<?xml version="1.0" encoding="UTF-8"?>
<!DOCTYPE html PUBLIC "-//W3C//DTD XHTML 1.0 Transitional//EN"
    "http://www.w3.org/TR/xhtml1/DTD/xhtml1-transitional.dtd">
<html xmlns="http://www.w3.org/1999/xhtml" xml:lang="en" lang="en">
 <head>
  <title>
</title>
<meta http-equiv="Content-Type" content="text/html;charset=utf-8" />
  <meta name='ocr-system' content='tesseract 3.04.00' />
  <meta name='ocr-capabilities' content='ocr_page ocr_carea ocr_par ocr_line ocrx_word'/>
</head>
<body>
  <div class='ocr_page' id='page_1' title='image "./scriptoresreiru00ernegoog_0482.png"; bbox 0 0 4942 6167; ppageno 0'>
   <div class='ocr_carea' id='block_1_1' title="bbox 1271 465 1438 551">
    <p class='ocr_par' dir='ltr' id='par_1_1' title="bbox 1271 465 1438 551">
     <span class='ocr_line' id='line_1_1' title="bbox 1271 465 1438 551; baseline -0.006 -3"><span class='ocrx_word' id='word_1_1' title='bbox 1271 465 1438 551; x_wconf 74' lang='lat'>434</span> 
     </span>
    </p>
   </div>
   <div class='ocr_carea' id='block_1_2' title="bbox 1473 613 3920 722">
    <p class='ocr_par' dir='ltr' id='par_1_2' title="bbox 1473 613 3920 722">
     <span class='ocr_line' id='line_1_2' title="bbox 1473 613 3920 722; baseline -0.006 -15"><span class='ocrx_word' id='word_1_2' title='bbox 1473 614 1924 708; x_wconf 68' lang='lat' dir='ltr'>&#39;canaliculam</span> <span class='ocrx_word' id='word_1_3' title='bbox 1948 632 2008 722; x_wconf 77' lang='lat'>⁸)</span> <span class='ocrx_word' id='word_1_4' title='bbox 2022 679 2041 716; x_wconf 91' lang='lat'>,</span> <span class='ocrx_word' id='word_1_5' title='bbox 2088 621 2281 697; x_wconf 79' lang='lat' dir='ltr'>cibus</span> <span class='ocrx_word' id='word_1_6' title='bbox 2319 617 2637 694; x_wconf 75' lang='lat' dir='ltr'>obiicitur</span> <span class='ocrx_word' id='word_1_7' title='bbox 2672 613 2795 692; x_wconf 86' lang='lat' dir='ltr'>sub</span> <span class='ocrx_word' id='word_1_8' title='bbox 2840 629 3080 691; x_wconf 79' lang='lat' dir='ltr'>retem.</span> <span class='ocrx_word' id='word_1_9' title='bbox 3148 615 3400 689; x_wconf 83' lang='lat' dir='ltr'>Subter</span> <span class='ocrx_word' id='word_1_10' title='bbox 3442 615 3920 692; x_wconf 79' lang='lat' dir='ltr'>columnatum</span> 
     </span>
    </p>
   </div>
   <div class='ocr_carea' id='block_1_3' title="bbox 1688 374 4087 553">
    <p class='ocr_par' dir='ltr' id='par_1_3' title="bbox 1688 374 4087 553">
     <span class='ocr_line' id='line_1_3' title="bbox 1688 374 4087 553; baseline -0.005 -33"><span class='ocrx_word' id='word_1_11' title='bbox 1688 446 1742 520; x_wconf 69' lang='lat'>1,-</span> <span class='ocrx_word' id='word_1_12' title='bbox 1782 442 1868 517; x_wconf 82' lang='lat' dir='ltr'>A.</span> <span class='ocrx_word' id='word_1_13' title='bbox 1912 436 2015 514; x_wconf 72' lang='lat' dir='ltr'>ni:</span> <span class='ocrx_word' id='word_1_14' title='bbox 2051 429 2489 515; x_wconf 69' lang='lat' dir='ltr'>SEGNER</span> <span class='ocrx_word' id='word_1_15' title='bbox 2542 374 2683 510; x_wconf 72' lang='lat' dir='ltr'>nn</span> <span class='ocrx_word' id='word_1_16' title='bbox 2726 418 4087 553; x_wconf 54' lang='lat' dir='ltr'>oR‘N1THoNE-vannomsf</span> 
     </span>
    </p>
   </div>
   <div class='ocr_carea' id='block_1_4' title="bbox 3970 614 4537 731">
    <p class='ocr_par' dir='ltr' id='par_1_4' title="bbox 3970 614 4537 731">
     <span class='ocr_line' id='line_1_4' title="bbox 3970 614 4537 731; baseline 0.014 -40"><span class='ocrx_word' id='word_1_17' title='bbox 3970 614 4377 717; x_wconf 72' lang='lat' dir='ltr'>stylobatam</span> <span class='ocrx_word' id='word_1_18' title='bbox 4428 620 4537 731; x_wconf 68' lang='lat' dir='ltr'>⁶.st</span> 
     </span>
    </p>
   </div>
   <div class='ocr_carea' id='block_1_5' title="bbox 1472 717 4533 1033">
    <p class='ocr_par' dir='ltr' id='par_1_5' title="bbox 1472 717 4533 1033">
     <span class='ocr_line' id='line_1_5' title="bbox 1473 717 4525 837; baseline -0.003 -31"><span class='ocrx_word' id='word_1_19' title='bbox 1473 735 1648 833; x_wconf 80' lang='lat' dir='ltr'>lapis</span> <span class='ocrx_word' id='word_1_20' title='bbox 1689 757 1729 803; x_wconf 81' lang='lat' dir='ltr'>a</span> <span class='ocrx_word' id='word_1_21' title='bbox 1770 726 1979 804; x_wconf 74' lang='lat' dir='ltr'>saleto</span> <span class='ocrx_word' id='word_1_22' title='bbox 2027 723 2282 824; x_wconf 87' lang='lat' dir='ltr'>pedem</span> <span class='ocrx_word' id='word_1_23' title='bbox 2312 737 2386 793; x_wconf 83' lang='lat' dir='ltr'>et</span> <span class='ocrx_word' id='word_1_24' title='bbox 2411 720 2819 793; x_wconf 82' lang='lat' dir='ltr'><strong>dodrantem</strong></span> <span class='ocrx_word' id='word_1_25' title='bbox 2848 719 2999 808; x_wconf 82' lang='lat' dir='ltr'>alta,</span> <span class='ocrx_word' id='word_1_26' title='bbox 3042 720 3264 819; x_wconf 90' lang='lat' dir='ltr'>ipsum</span> <span class='ocrx_word' id='word_1_27' title='bbox 3290 718 3502 789; x_wconf 83' lang='lat' dir='ltr'>falere</span> <span class='ocrx_word' id='word_1_28' title='bbox 3537 717 3624 790; x_wconf 83' lang='lat' dir='ltr'>ad</span> <span class='ocrx_word' id='word_1_29' title='bbox 3670 718 3811 837; x_wconf 74' lang='lat' dir='ltr'>duo</span> <span class='ocrx_word' id='word_1_30' title='bbox 3851 718 4066 820; x_wconf 80' lang='lat' dir='ltr'>pedes</span> <span class='ocrx_word' id='word_1_31' title='bbox 4097 723 4315 799; x_wconf 80' lang='lat' dir='ltr'>altum</span> <span class='ocrx_word' id='word_1_32' title='bbox 4341 753 4382 798; x_wconf 82' lang='lat' dir='ltr'>a</span> <span class='ocrx_word' id='word_1_33' title='bbox 4404 724 4525 805; x_wconf 83' lang='lat' dir='ltr'>sta-</span> 
     </span>
     <span class='ocr_line' id='line_1_6' title="bbox 1479 819 4529 929; baseline -0.003 -25"><span class='ocrx_word' id='word_1_34' title='bbox 1479 858 1642 929; x_wconf 86' lang='lat' dir='ltr'>gno,</span> <span class='ocrx_word' id='word_1_35' title='bbox 1695 832 1912 903; x_wconf 80' lang='lat' dir='ltr'>latum</span> <span class='ocrx_word' id='word_1_36' title='bbox 1941 825 2025 900; x_wconf 83' lang='lat' dir='ltr'>ad</span> <span class='ocrx_word' id='word_1_37' title='bbox 2056 827 2377 922; x_wconf 84' lang='lat' dir='ltr'>quinque,</span> <span class='ocrx_word' id='word_1_38' title='bbox 2428 838 2506 896; x_wconf 84' lang='lat' dir='ltr'>vt</span> <span class='ocrx_word' id='word_1_39' title='bbox 2528 826 2605 894; x_wconf 88' lang='lat' dir='ltr'>in</span> <span class='ocrx_word' id='word_1_40' title='bbox 2634 822 2911 894; x_wconf 78' lang='lat' dir='ltr'><strong>culcitas</strong></span> <span class='ocrx_word' id='word_1_41' title='bbox 2942 835 3015 892; x_wconf 83' lang='lat' dir='ltr'>et</span> <span class='ocrx_word' id='word_1_42' title='bbox 3042 819 3448 911; x_wconf 51' lang='lat' dir='ltr'>,columellas</span> <span class='ocrx_word' id='word_1_43' title='bbox 3482 843 3819 895; x_wconf 76' lang='lat' dir='ltr'>conuiuae</span> <span class='ocrx_word' id='word_1_44' title='bbox 3847 820 4137 921; x_wconf 84' lang='lat' dir='ltr'>pedibus</span> <span class='ocrx_word' id='word_1_45' title='bbox 4167 829 4529 909; x_wconf 54' lang='lat' dir='ltr'>drmit-‘n</span> 
     </span>
     <span class='ocr_line' id='line_1_7' title="bbox 1472 919 4533 1033; baseline -0.003 -29"><span class='ocrx_word' id='word_1_46' title='bbox 1472 930 1730 1033; x_wconf 81' lang='lat' dir='ltr'>poffint</span> <span class='ocrx_word' id='word_1_47' title='bbox 1771 928 1882 1027; x_wconf 84' lang='lat'>¹¹).</span> <span class='ocrx_word' id='word_1_48' title='bbox 1977 924 2229 999; x_wconf 85' lang='lat' dir='ltr'>Inflmo</span> <span class='ocrx_word' id='word_1_49' title='bbox 2258 928 2436 996; x_wconf 78' lang='lat' dir='ltr'>intra</span> <span class='ocrx_word' id='word_1_50' title='bbox 2463 921 2673 995; x_wconf 86' lang='lat' dir='ltr'>falere</span> <span class='ocrx_word' id='word_1_51' title='bbox 2717 922 2811 995; x_wconf 90' lang='lat' dir='ltr'>est</span> <span class='ocrx_word' id='word_1_52' title='bbox 2852 919 3192 1014; x_wconf 80' lang='lat' dir='ltr'>stagnum,</span> <span class='ocrx_word' id='word_1_53' title='bbox 3244 945 3410 992; x_wconf 86' lang='lat' dir='ltr'>cum</span> <span class='ocrx_word' id='word_1_54' title='bbox 3454 926 3762 1015; x_wconf 77' lang='lat' dir='ltr'>margine</span> <span class='ocrx_word' id='word_1_55' title='bbox 3792 922 4015 1022; x_wconf 84' lang='lat' dir='ltr'>pedali</span> <span class='ocrx_word' id='word_1_56' title='bbox 4056 926 4150 1019; x_wconf 55' lang='grc' dir='ltr'>ἕ),</span> <span class='ocrx_word' id='word_1_57' title='bbox 4198 943 4273 999; x_wconf 81' lang='lat' dir='ltr'>et</span> <span class='ocrx_word' id='word_1_58' title='bbox 4313 931 4533 1007; x_wconf 62' lang='lat' dir='ltr'>insula</span> 
     </span>
    </p>
   </div>
   <div class='ocr_carea' id='block_1_6' title="bbox 1474 1030 1831 1107">
    <p class='ocr_par' dir='ltr' id='par_1_6' title="bbox 1474 1030 1831 1107">
     <span class='ocr_line' id='line_1_8' title="bbox 1474 1030 1831 1107; baseline 0.003 -1"><span class='ocrx_word' id='word_1_59' title='bbox 1474 1038 1549 1106; x_wconf 89' lang='lat' dir='ltr'>in</span> <span class='ocrx_word' id='word_1_60' title='bbox 1580 1030 1831 1107; x_wconf 81' lang='lat' dir='ltr'>medio.</span> 
     </span>
    </p>
   </div>
   <div class='ocr_carea' id='block_1_7' title="bbox 2166 1023 4529 1126">
    <p class='ocr_par' dir='ltr' id='par_1_7' title="bbox 2166 1023 4529 1126">
     <span class='ocr_line' id='line_1_9' title="bbox 2166 1023 4529 1126; baseline 0.003 -28"><span class='ocrx_word' id='word_1_61' title='bbox 2166 1029 2443 1099; x_wconf 85' lang='lat' dir='ltr'>Circum</span> <span class='ocrx_word' id='word_1_62' title='bbox 2467 1023 2675 1096; x_wconf 82' lang='lat' dir='ltr'>falere</span> <span class='ocrx_word' id='word_1_63' title='bbox 2706 1042 2780 1096; x_wconf 84' lang='lat' dir='ltr'>et</span> <span class='ocrx_word' id='word_1_64' title='bbox 2823 1024 3091 1095; x_wconf 77' lang='lat' dir='ltr'>naualia</span> <span class='ocrx_word' id='word_1_65' title='bbox 3108 1024 3262 1096; x_wconf 78' lang='lat' dir='ltr'>sunt</span> <span class='ocrx_word' id='word_1_66' title='bbox 3306 1038 3620 1095; x_wconf 69' lang='lat' dir='ltr'>excauam</span> <span class='ocrx_word' id='word_1_67' title='bbox 3662 1027 3964 1097; x_wconf 85' lang='lat' dir='ltr'>anatium</span> <span class='ocrx_word' id='word_1_68' title='bbox 4007 1023 4265 1103; x_wconf 82' lang='lat' dir='ltr'>stabula</span> <span class='ocrx_word' id='word_1_69' title='bbox 4307 1025 4389 1126; x_wconf 51' lang='grc' dir='ltr'>1ί).</span> <span class='ocrx_word' id='word_1_70' title='bbox 4440 1036 4529 1107; x_wconf 84' lang='lat' dir='ltr'>In</span> 
     </span>
    </p>
   </div>
   <div class='ocr_carea' id='block_1_8' title="bbox 1343 1123 4531 1745">
    <p class='ocr_par' dir='ltr' id='par_1_8' title="bbox 1343 1123 4531 1745">
     <span class='ocr_line' id='line_1_10' title="bbox 1474 1123 4529 1224; baseline -0 -18"><span class='ocrx_word' id='word_1_71' title='bbox 1474 1134 1690 1207; x_wconf 83' lang='lat' dir='ltr'>insula</span> <span class='ocrx_word' id='word_1_72' title='bbox 1734 1129 1830 1204; x_wconf 90' lang='lat' dir='ltr'>est</span> <span class='ocrx_word' id='word_1_73' title='bbox 1875 1127 2258 1215; x_wconf 77' lang='lat' dir='ltr'>columella,</span> <span class='ocrx_word' id='word_1_74' title='bbox 2302 1130 2376 1198; x_wconf 91' lang='lat' dir='ltr'>in</span> <span class='ocrx_word' id='word_1_75' title='bbox 2406 1152 2541 1224; x_wconf 83' lang='lat' dir='ltr'>qua</span> <span class='ocrx_word' id='word_1_76' title='bbox 2583 1128 2768 1201; x_wconf 85' lang='lat' dir='ltr'>intus</span> <span class='ocrx_word' id='word_1_77' title='bbox 2811 1127 2963 1211; x_wconf 73' lang='lat' dir='ltr'>axiS,</span> <span class='ocrx_word' id='word_1_78' title='bbox 3012 1125 3130 1222; x_wconf 89' lang='lat' dir='ltr'>qui</span> <span class='ocrx_word' id='word_1_79' title='bbox 3169 1149 3298 1223; x_wconf 86' lang='lat' dir='ltr'>pro</span> <span class='ocrx_word' id='word_1_80' title='bbox 3331 1124 3559 1196; x_wconf 86' lang='lat' dir='ltr'>mensa</span> <span class='ocrx_word' id='word_1_81' title='bbox 3601 1123 3879 1198; x_wconf 86' lang='lat' dir='ltr'>sustinet</span> <span class='ocrx_word' id='word_1_82' title='bbox 3917 1133 4141 1200; x_wconf 78' lang='lat' dir='ltr'>rotam</span> <span class='ocrx_word' id='word_1_83' title='bbox 4178 1129 4529 1223; x_wconf 68' lang='lat' dir='ltr'>radimm,</span> 
     </span>
     <span class='ocr_line' id='line_1_11' title="bbox 1477 1220 4531 1334; baseline -0.004 -27"><span class='ocrx_word' id='word_1_84' title='bbox 1477 1238 1576 1307; x_wconf 78' lang='lat' dir='ltr'>ita</span> <span class='ocrx_word' id='word_1_85' title='bbox 1597 1248 1677 1305; x_wconf 80' lang='lat' dir='ltr'>vt</span> <span class='ocrx_word' id='word_1_86' title='bbox 1702 1230 1785 1303; x_wconf 76' lang='lat' dir='ltr'>ad</span> <span class='ocrx_word' id='word_1_87' title='bbox 1822 1245 2227 1317; x_wconf 82' lang='lat' dir='ltr'>extremum,</span> <span class='ocrx_word' id='word_1_88' title='bbox 2277 1225 2395 1300; x_wconf 85' lang='lat' dir='ltr'>vbi</span> <span class='ocrx_word' id='word_1_89' title='bbox 2441 1225 2660 1299; x_wconf 83' lang='lat' dir='ltr'>orbile</span> <span class='ocrx_word' id='word_1_90' title='bbox 2701 1226 2873 1299; x_wconf 84' lang='lat' dir='ltr'>solet</span> <span class='ocrx_word' id='word_1_91' title='bbox 2917 1220 3048 1296; x_wconf 81' lang='lat' dir='ltr'>effe</span> <span class='ocrx_word' id='word_1_92' title='bbox 3091 1238 3400 1313; x_wconf 81' lang='lat' dir='ltr'>acutum,</span> <span class='ocrx_word' id='word_1_93' title='bbox 3448 1222 3675 1297; x_wconf 77' lang='lat' dir='ltr'>tabula</span> <span class='ocrx_word' id='word_1_94' title='bbox 3717 1241 3946 1299; x_wconf 84' lang='lat' dir='ltr'>cauata</span> <span class='ocrx_word' id='word_1_95' title='bbox 3982 1224 4098 1317; x_wconf 82' lang='lat' dir='ltr'>fit,</span> <span class='ocrx_word' id='word_1_96' title='bbox 4145 1248 4222 1302; x_wconf 81' lang='lat' dir='ltr'>vt</span> <span class='ocrx_word' id='word_1_97' title='bbox 4258 1248 4531 1334; x_wconf 70' lang='lat' dir='ltr'>tympa.</span> 
     </span>
     <span class='ocr_line' id='line_1_12' title="bbox 1475 1325 4531 1427; baseline -0.001 -22"><span class='ocrx_word' id='word_1_98' title='bbox 1475 1359 1671 1421; x_wconf 78' lang='lat' dir='ltr'>num,</span> <span class='ocrx_word' id='word_1_99' title='bbox 1716 1337 1792 1405; x_wconf 90' lang='lat' dir='ltr'>in</span> <span class='ocrx_word' id='word_1_100' title='bbox 1828 1332 2264 1405; x_wconf 80' lang='lat' dir='ltr'>latitudinem</span> <span class='ocrx_word' id='word_1_101' title='bbox 2303 1326 2442 1399; x_wconf 89' lang='lat' dir='ltr'>duo</span> <span class='ocrx_word' id='word_1_102' title='bbox 2473 1326 2703 1427; x_wconf 59' lang='lat' dir='ltr'>pedm,</span> <span class='ocrx_word' id='word_1_103' title='bbox 2738 1344 2826 1399; x_wconf 80' lang='lat' dir='ltr'>‚et</span> <span class='ocrx_word' id='word_1_104' title='bbox 2860 1325 3294 1425; x_wconf 87' lang='lat' dir='ltr'>semipedem,</span> <span class='ocrx_word' id='word_1_105' title='bbox 3310 1327 3384 1396; x_wconf 89' lang='lat' dir='ltr'>in</span> <span class='ocrx_word' id='word_1_106' title='bbox 3401 1325 3830 1400; x_wconf 81' lang='lat' dir='ltr'><strong>altitudinem</strong></span> <span class='ocrx_word' id='word_1_107' title='bbox 3857 1328 4169 1427; x_wconf 84' lang='lat' dir='ltr'>palmum</span> <span class='ocrx_word' id='word_1_108' title='bbox 4182 1329 4247 1425; x_wconf 85' lang='lat'>¹).</span> <span class='ocrx_word' id='word_1_109' title='bbox 4328 1339 4531 1411; x_wconf 71' lang='lat' dir='ltr'>Haec</span> 
     </span>
     <span class='ocr_line' id='line_1_13' title="bbox 1479 1426 4531 1533; baseline 0.002 -24"><span class='ocrx_word' id='word_1_110' title='bbox 1479 1435 1565 1509; x_wconf 86' lang='lat' dir='ltr'>ab</span> <span class='ocrx_word' id='word_1_111' title='bbox 1595 1460 1734 1509; x_wconf 84' lang='lat' dir='ltr'>vno</span> <span class='ocrx_word' id='word_1_112' title='bbox 1760 1459 2002 1533; x_wconf 82' lang='lat' dir='ltr'>puero,</span> <span class='ocrx_word' id='word_1_113' title='bbox 2059 1434 2178 1529; x_wconf 88' lang='lat' dir='ltr'>qui</span> <span class='ocrx_word' id='word_1_114' title='bbox 2223 1426 2567 1515; x_wconf 81' lang='lat' dir='ltr'>ministrat,</span> <span class='ocrx_word' id='word_1_115' title='bbox 2614 1431 2707 1501; x_wconf 80' lang='lat' dir='ltr'>ita</span> <span class='ocrx_word' id='word_1_116' title='bbox 2740 1431 3049 1515; x_wconf 84' lang='lat' dir='ltr'>vertitur,</span> <span class='ocrx_word' id='word_1_117' title='bbox 3103 1441 3178 1499; x_wconf 82' lang='lat' dir='ltr'>vt</span> <span class='ocrx_word' id='word_1_118' title='bbox 3222 1430 3451 1499; x_wconf 84' lang='lat' dir='ltr'>omnia</span> <span class='ocrx_word' id='word_1_119' title='bbox 3493 1452 3623 1499; x_wconf 85' lang='lat' dir='ltr'>vna</span> <span class='ocrx_word' id='word_1_120' title='bbox 3662 1444 4010 1526; x_wconf 80' lang='lat' dir='ltr'>ponantur</span> <span class='ocrx_word' id='word_1_121' title='bbox 4048 1448 4124 1503; x_wconf 80' lang='lat' dir='ltr'>et</span> <span class='ocrx_word' id='word_1_122' title='bbox 4161 1432 4244 1504; x_wconf 86' lang='lat' dir='ltr'>ad</span> <span class='ocrx_word' id='word_1_123' title='bbox 4288 1434 4531 1515; x_wconf 64' lang='lat' dir='ltr'>bibon-2</span> 
     </span>
     <span class='ocr_line' id='line_1_14' title="bbox 1481 1522 4524 1627; baseline 0.002 -20"><span class='ocrx_word' id='word_1_124' title='bbox 1481 1539 1654 1611; x_wconf 78' lang='lat' dir='ltr'>dum</span> <span class='ocrx_word' id='word_1_125' title='bbox 1675 1554 1755 1619; x_wconf 79' lang='lat' dir='ltr'>et</span> <span class='ocrx_word' id='word_1_126' title='bbox 1777 1535 1860 1606; x_wconf 85' lang='lat' dir='ltr'>ad</span> <span class='ocrx_word' id='word_1_127' title='bbox 1896 1531 2267 1618; x_wconf 85' lang='lat' dir='ltr'>edendum,</span> <span class='ocrx_word' id='word_1_128' title='bbox 2318 1545 2395 1600; x_wconf 83' lang='lat' dir='ltr'>et</span> <span class='ocrx_word' id='word_1_129' title='bbox 2452 1529 2947 1619; x_wconf 62' lang='lat' dir='ltr'>admoneantur</span> <span class='ocrx_word' id='word_1_130' title='bbox 3006 1522 3377 1619; x_wconf 66' lang='lat' dir='ltr'>adomne&#39;s</span> <span class='ocrx_word' id='word_1_131' title='bbox 3429 1531 3773 1602; x_wconf 84' lang='lat' dir='ltr'>conuiuas.</span> <span class='ocrx_word' id='word_1_132' title='bbox 3872 1534 3971 1602; x_wconf 84' lang='lat' dir='ltr'>Ex</span> <span class='ocrx_word' id='word_1_133' title='bbox 4012 1532 4328 1627; x_wconf 86' lang='lat' dir='ltr'>suggestu</span> <span class='ocrx_word' id='word_1_134' title='bbox 4358 1539 4524 1613; x_wconf 83' lang='lat' dir='ltr'>fale·</span> 
     </span>
     <span class='ocr_line' id='line_1_15' title="bbox 1343 1626 4529 1745; baseline 0.002 -37"><span class='ocrx_word' id='word_1_135' title='bbox 1343 1690 1348 1699; x_wconf 88' lang='lat'>.</span> <span class='ocrx_word' id='word_1_136' title='bbox 1386 1670 1392 1677; x_wconf 92' lang='lat'><strong>·</strong></span> <span class='ocrx_word' id='word_1_137' title='bbox 1482 1640 1597 1745; x_wconf 70' lang='lat' dir='ltr'>tis,</span> <span class='ocrx_word' id='word_1_138' title='bbox 1643 1635 1758 1712; x_wconf 88' lang='lat' dir='ltr'>vbi</span> <span class='ocrx_word' id='word_1_139' title='bbox 1784 1636 2006 1713; x_wconf 86' lang='lat' dir='ltr'><strong>solent</strong></span> <span class='ocrx_word' id='word_1_140' title='bbox 2034 1629 2166 1705; x_wconf 80' lang='lat' dir='ltr'>effe</span> <span class='ocrx_word' id='word_1_141' title='bbox 2194 1626 2796 1733; x_wconf 56' lang='grc' dir='ltr'>παμπησία-ματα,</span> <span class='ocrx_word' id='word_1_142' title='bbox 2848 1627 3198 1733; x_wconf 84' lang='lat' dir='ltr'>prodeunt</span> <span class='ocrx_word' id='word_1_143' title='bbox 3225 1646 3452 1705; x_wconf 75' lang='lat' dir='ltr'>anates</span> <span class='ocrx_word' id='word_1_144' title='bbox 3480 1631 3554 1704; x_wconf 87' lang='lat' dir='ltr'>in</span> <span class='ocrx_word' id='word_1_145' title='bbox 3580 1626 3910 1726; x_wconf 81' lang='lat' dir='ltr'>stagnum,</span> <span class='ocrx_word' id='word_1_146' title='bbox 3953 1658 4033 1705; x_wconf 87' lang='lat' dir='ltr'>ac</span> <span class='ocrx_word' id='word_1_147' title='bbox 4058 1651 4245 1726; x_wconf 86' lang='lat' dir='ltr'>nant,</span> <span class='ocrx_word' id='word_1_148' title='bbox 4308 1665 4351 1710; x_wconf 86' lang='lat' dir='ltr'>e</span> <span class='ocrx_word' id='word_1_149' title='bbox 4381 1666 4529 1738; x_wconf 87' lang='lat' dir='ltr'>quo</span> 
     </span>
    </p>
   </div>
   <div class='ocr_carea' id='block_1_9' title="bbox 1279 1906 2889 2859">
    <p class='ocr_par' dir='ltr' id='par_1_9' title="bbox 1279 1906 2884 2134">
     <span class='ocr_line' id='line_1_16' title="bbox 1390 1906 2881 1986; baseline -0.001 -15"><span class='ocrx_word' id='word_1_150' title='bbox 1390 1912 1420 1983; x_wconf 87' lang='lat'>)</span> <span class='ocrx_word' id='word_1_151' title='bbox 1455 1910 1643 1971; x_wconf 74' lang='lat' dir='ltr'>Credo</span> <span class='ocrx_word' id='word_1_152' title='bbox 1685 1908 1894 1969; x_wconf 80' lang='lat' dir='ltr'>fluxum</span> <span class='ocrx_word' id='word_1_153' title='bbox 1970 1926 2299 1986; x_wconf 84' lang='lat' dir='ltr'>perpetuum</span> <span class='ocrx_word' id='word_1_154' title='bbox 2339 1907 2538 1977; x_wconf 70' lang='lat' dir='ltr'>fixiffe,</span> <span class='ocrx_word' id='word_1_155' title='bbox 2575 1910 2675 1986; x_wconf 89' lang='lat' dir='ltr'>qui</span> <span class='ocrx_word' id='word_1_156' title='bbox 2716 1906 2881 1970; x_wconf 82' lang='lat' dir='ltr'>facile</span> 
     </span>
     <span class='ocr_line' id='line_1_17' title="bbox 1282 1928 2884 2061; baseline -0.001 -16"><span class='ocrx_word' id='word_1_157' title='bbox 1282 1928 1624 2045; x_wconf 60' lang='lat' dir='ltr'>effissciebatur</span> <span class='ocrx_word' id='word_1_158' title='bbox 1673 1985 1738 2047; x_wconf 83' lang='lat' dir='ltr'>in</span> <span class='ocrx_word' id='word_1_159' title='bbox 1787 1986 1921 2042; x_wconf 89' lang='lat' dir='ltr'>loco</span> <span class='ocrx_word' id='word_1_160' title='bbox 1970 1987 2038 2044; x_wconf 83' lang='lat' dir='ltr'>ad</span> <span class='ocrx_word' id='word_1_161' title='bbox 2080 1985 2294 2045; x_wconf 85' lang='lat' dir='ltr'>flumen</span> <span class='ocrx_word' id='word_1_162' title='bbox 2350 1986 2633 2061; x_wconf 87' lang='lat' dir='ltr'>liquidum</span> <span class='ocrx_word' id='word_1_163' title='bbox 2693 2001 2752 2044; x_wconf 90' lang='lat' dir='ltr'>et</span> <span class='ocrx_word' id='word_1_164' title='bbox 2800 1987 2884 2043; x_wconf 83' lang='lat' dir='ltr'>al-</span> 
     </span>
     <span class='ocr_line' id='line_1_18' title="bbox 1279 2056 2192 2134; baseline -0.002 -17"><span class='ocrx_word' id='word_1_165' title='bbox 1279 2076 1402 2123; x_wconf 81' lang='lat' dir='ltr'>tum</span> <span class='ocrx_word' id='word_1_166' title='bbox 1427 2056 1624 2134; x_wconf 61' lang='lat' dir='ltr'>potito.</span> <span class='ocrx_word' id='word_1_167' title='bbox 2187 2106 2192 2115; x_wconf 88' lang='lat'><strong>.</strong></span> 
     </span>
    </p>

    <p class='ocr_par' dir='ltr' id='par_1_10' title="bbox 1279 2130 2889 2859">
     <span class='ocr_line' id='line_1_19' title="bbox 1361 2130 2881 2210; baseline 0.001 -22"><span class='ocrx_word' id='word_1_168' title='bbox 1361 2135 1424 2203; x_wconf 81' lang='lat' dir='ltr'>h)</span> <span class='ocrx_word' id='word_1_169' title='bbox 1459 2136 1612 2190; x_wconf 89' lang='lat' dir='ltr'>Haec</span> <span class='ocrx_word' id='word_1_170' title='bbox 1656 2133 1802 2189; x_wconf 87' lang='lat' dir='ltr'>clare</span> <span class='ocrx_word' id='word_1_171' title='bbox 1848 2130 2184 2191; x_wconf 83' lang='lat' dir='ltr'>exhibentur</span> <span class='ocrx_word' id='word_1_172' title='bbox 2232 2131 2528 2210; x_wconf 84' lang='lat' dir='ltr'>figuratum</span> <span class='ocrx_word' id='word_1_173' title='bbox 2567 2133 2881 2192; x_wconf 83' lang='lat' dir='ltr'>nostrarum</span> 
     </span>
     <span class='ocr_line' id='line_1_20' title="bbox 1282 2207 2880 2293; baseline -0.001 -29"><span class='ocrx_word' id='word_1_174' title='bbox 1282 2222 1496 2285; x_wconf 76' lang='lat' dir='ltr'>quarta,</span> <span class='ocrx_word' id='word_1_175' title='bbox 1512 2222 1570 2264; x_wconf 89' lang='lat' dir='ltr'>vt</span> <span class='ocrx_word' id='word_1_176' title='bbox 1599 2207 1990 2279; x_wconf 73' lang='lat' dir='ltr'>explicatione,</span> <span class='ocrx_word' id='word_1_177' title='bbox 2005 2223 2218 2293; x_wconf 74' lang='lat' dir='ltr'>praeter</span> <span class='ocrx_word' id='word_1_178' title='bbox 2258 2224 2377 2263; x_wconf 87' lang='lat' dir='ltr'>eam</span> <span class='ocrx_word' id='word_1_179' title='bbox 2398 2225 2575 2293; x_wconf 38' lang='lat' dir='ltr'>,quam</span> <span class='ocrx_word' id='word_1_180' title='bbox 2603 2207 2880 2274; x_wconf 82' lang='lat' dir='ltr'><strong>dedimus,</strong></span> 
     </span>
     <span class='ocr_line' id='line_1_21' title="bbox 1282 2278 2883 2427; baseline -0.009 -10"><span class='ocrx_word' id='word_1_181' title='bbox 1282 2298 1446 2417; x_wconf 58' lang='lat'>3333</span> <span class='ocrx_word' id='word_1_182' title='bbox 1458 2298 1590 2427; x_wconf 67' lang='grc' dir='ltr'>Ἧὲἶ,</span> <span class='ocrx_word' id='word_1_183' title='bbox 1598 2278 1808 2412; x_wconf 56' lang='lat'>{3225}</span> <span class='ocrx_word' id='word_1_184' title='bbox 1832 2284 2320 2420; x_wconf 54' lang='lat' dir='ltr'>&amp;xcffil&#39;ffi‘izz</span> <span class='ocrx_word' id='word_1_185' title='bbox 2353 2279 2883 2411; x_wconf 46' lang='lat' dir='ltr'>‘&#39;izdiffmfitfiwi:</span> 
     </span>
     <span class='ocr_line' id='line_1_22' title="bbox 1284 2426 2883 2510; baseline -0.001 -25"><span class='ocrx_word' id='word_1_186' title='bbox 1284 2445 1411 2485; x_wconf 77' lang='lat' dir='ltr'>rum</span> <span class='ocrx_word' id='word_1_187' title='bbox 1440 2426 1614 2483; x_wconf 79' lang='lat' dir='ltr'>falere</span> <span class='ocrx_word' id='word_1_188' title='bbox 1645 2426 1900 2502; x_wconf 88' lang='lat' dir='ltr'>quinque</span> <span class='ocrx_word' id='word_1_189' title='bbox 1933 2426 2102 2499; x_wconf 77' lang='lat' dir='ltr'>pedes</span> <span class='ocrx_word' id='word_1_190' title='bbox 2151 2428 2324 2487; x_wconf 86' lang='lat' dir='ltr'>latum</span> <span class='ocrx_word' id='word_1_191' title='bbox 2355 2426 2634 2503; x_wconf 85' lang='lat' dir='ltr'>quidquid</span> <span class='ocrx_word' id='word_1_192' title='bbox 2660 2426 2883 2510; x_wconf 74' lang='lat' dir='ltr'>fuit,le-</span> 
     </span>
     <span class='ocr_line' id='line_1_23' title="bbox 1280 2498 2885 2574; baseline -0.002 -16"><span class='ocrx_word' id='word_1_193' title='bbox 1280 2498 1458 2558; x_wconf 63' lang='lat' dir='ltr'>&amp;ulia</span> <span class='ocrx_word' id='word_1_194' title='bbox 1490 2515 1680 2557; x_wconf 86' lang='lat' dir='ltr'>tamen</span> <span class='ocrx_word' id='word_1_195' title='bbox 1712 2499 2090 2559; x_wconf 76' lang='lat' dir='ltr'>discubitoriia</span> <span class='ocrx_word' id='word_1_196' title='bbox 2124 2501 2320 2558; x_wconf 86' lang='lat' dir='ltr'>locum</span> <span class='ocrx_word' id='word_1_197' title='bbox 2373 2501 2601 2561; x_wconf 75' lang='lat' dir='ltr'>nulium</span> <span class='ocrx_word' id='word_1_198' title='bbox 2637 2501 2885 2574; x_wconf 77' lang='lat' dir='ltr'>reliquit.</span> 
     </span>
     <span class='ocr_line' id='line_1_24' title="bbox 1279 2572 2889 2650; baseline -0.002 -17"><span class='ocrx_word' id='word_1_199' title='bbox 1279 2572 1587 2633; x_wconf 80' lang='lat' dir='ltr'>Debebant</span> <span class='ocrx_word' id='word_1_200' title='bbox 1600 2591 1733 2649; x_wconf 73' lang='lat' dir='ltr'>ergo</span> <span class='ocrx_word' id='word_1_201' title='bbox 1750 2573 2013 2639; x_wconf 88' lang='lat' dir='ltr'>culcitae,</span> <span class='ocrx_word' id='word_1_202' title='bbox 2034 2575 2096 2632; x_wconf 89' lang='lat' dir='ltr'>in</span> <span class='ocrx_word' id='word_1_203' title='bbox 2122 2574 2328 2650; x_wconf 85' lang='lat' dir='ltr'>quibus</span> <span class='ocrx_word' id='word_1_204' title='bbox 2369 2575 2648 2633; x_wconf 88' lang='lat' dir='ltr'>conuiuae</span> <span class='ocrx_word' id='word_1_205' title='bbox 2672 2591 2889 2630; x_wconf 88' lang='lat' dir='ltr'>accum-</span> 
     </span>
     <span class='ocr_line' id='line_1_25' title="bbox 1280 2647 2876 2722; baseline -0.003 -18"><span class='ocrx_word' id='word_1_206' title='bbox 1280 2647 1505 2711; x_wconf 84' lang='lat' dir='ltr'>berent,</span> <span class='ocrx_word' id='word_1_207' title='bbox 1541 2647 1602 2704; x_wconf 89' lang='lat' dir='ltr'>in</span> <span class='ocrx_word' id='word_1_208' title='bbox 1635 2647 1814 2720; x_wconf 89' lang='lat' dir='ltr'>ipsum</span> <span class='ocrx_word' id='word_1_209' title='bbox 1851 2647 2030 2704; x_wconf 81' lang='lat' dir='ltr'>falere</span> <span class='ocrx_word' id='word_1_210' title='bbox 2058 2648 2306 2722; x_wconf 84' lang='lat' dir='ltr'>deponi,</span> <span class='ocrx_word' id='word_1_211' title='bbox 2356 2667 2471 2722; x_wconf 88' lang='lat' dir='ltr'>quo</span> <span class='ocrx_word' id='word_1_212' title='bbox 2526 2648 2876 2704; x_wconf 80' lang='lat' dir='ltr'>circumeun-</span> 
     </span>
     <span class='ocr_line' id='line_1_26' title="bbox 1279 2718 2878 2797; baseline 0.001 -21"><span class='ocrx_word' id='word_1_213' title='bbox 1279 2718 1346 2790; x_wconf 71' lang='lat' dir='ltr'>di</span> <span class='ocrx_word' id='word_1_214' title='bbox 1370 2720 1650 2783; x_wconf 64' lang='lat' dir='ltr'>vimnulla</span> <span class='ocrx_word' id='word_1_215' title='bbox 1676 2720 2136 2794; x_wconf 84' lang='lat' dir='ltr'>relinquebatur,</span> <span class='ocrx_word' id='word_1_216' title='bbox 2179 2737 2391 2797; x_wconf 86' lang='lat' dir='ltr'>praeter</span> <span class='ocrx_word' id='word_1_217' title='bbox 2435 2721 2678 2796; x_wconf 85' lang='lat' dir='ltr'>aliquam</span> <span class='ocrx_word' id='word_1_218' title='bbox 2704 2738 2878 2796; x_wconf 80' lang='lat' dir='ltr'>angu-</span> 
     </span>
     <span class='ocr_line' id='line_1_27' title="bbox 1281 2791 2876 2859; baseline 0.001 -12"><span class='ocrx_word' id='word_1_219' title='bbox 1281 2792 1417 2859; x_wconf 69' lang='lat' dir='ltr'>stam</span> <span class='ocrx_word' id='word_1_220' title='bbox 1441 2791 1860 2852; x_wconf 78' lang='lat' dir='ltr'>inter-‘culcitas</span> <span class='ocrx_word' id='word_1_221' title='bbox 1902 2807 1961 2848; x_wconf 88' lang='lat' dir='ltr'>et</span> <span class='ocrx_word' id='word_1_222' title='bbox 1991 2793 2344 2850; x_wconf 79' lang='lat' dir='ltr'>columellas·</span> <span class='ocrx_word' id='word_1_223' title='bbox 2424 2796 2503 2850; x_wconf 86' lang='lat' dir='ltr'>lta</span> <span class='ocrx_word' id='word_1_224' title='bbox 2536 2794 2690 2850; x_wconf 83' lang='lat' dir='ltr'>enim</span> <span class='ocrx_word' id='word_1_225' title='bbox 2718 2791 2756 2849; x_wconf 84' lang='lat' dir='ltr'>fi</span> <span class='ocrx_word' id='word_1_226' title='bbox 2795 2794 2876 2849; x_wconf 81' lang='lat' dir='ltr'>le-</span> 
     </span>
    </p>
   </div>
   <div class='ocr_carea' id='block_1_10' title="bbox 1244 2864 2876 2931">
    <p class='ocr_par' dir='ltr' id='par_1_11' title="bbox 1244 2864 2876 2931">
     <span class='ocr_line' id='line_1_28' title="bbox 1244 2864 2876 2931; baseline 0.002 -11"><span class='ocrx_word' id='word_1_227' title='bbox 1244 2878 1252 2885; x_wconf 92' lang='lat'>·</span> <span class='ocrx_word' id='word_1_228' title='bbox 1322 2864 1689 2922; x_wconf 68' lang='lat' dir='ltr'>endum‘non</span> <span class='ocrx_word' id='word_1_229' title='bbox 1734 2864 1814 2931; x_wconf 76' lang='lat' dir='ltr'>sit,</span> <span class='ocrx_word' id='word_1_230' title='bbox 1856 2865 2008 2921; x_wconf 85' lang='lat' dir='ltr'>hanc</span> <span class='ocrx_word' id='word_1_231' title='bbox 2038 2881 2223 2924; x_wconf 87' lang='lat' dir='ltr'>tamen</span> <span class='ocrx_word' id='word_1_232' title='bbox 2255 2866 2559 2925; x_wconf 78' lang='lat' dir='ltr'>verborum</span> <span class='ocrx_word' id='word_1_233' title='bbox 2604 2865 2876 2924; x_wconf 80' lang='lat' dir='ltr'>Varronis</span> 
     </span>
    </p>
   </div>
   <div class='ocr_carea' id='block_1_11' title="bbox 1381 2936 2066 2997">
    <p class='ocr_par' dir='ltr' id='par_1_12' title="bbox 1381 2936 2066 2997">
     <span class='ocr_line' id='line_1_29' title="bbox 1381 2936 2066 2997; baseline -0.004 0"><span class='ocrx_word' id='word_1_234' title='bbox 1381 2937 1613 2997; x_wconf 81' lang='lat' dir='ltr'>tentiam</span> <span class='ocrx_word' id='word_1_235' title='bbox 1643 2938 1749 2995; x_wconf 71' lang='lat' dir='ltr'>ecre</span> <span class='ocrx_word' id='word_1_236' title='bbox 1787 2936 2066 2996; x_wconf 79' lang='lat' dir='ltr'>existimo.</span> 
     </span>
    </p>
   </div>
   <div class='ocr_carea' id='block_1_12' title="bbox 1163 2994 2872 3098">
    <p class='ocr_par' dir='ltr' id='par_1_13' title="bbox 1163 2994 2872 3098">
     <span class='ocr_line' id='line_1_30' title="bbox 1163 2994 2872 3098; baseline -0.003 -25"><span class='ocrx_word' id='word_1_237' title='bbox 1163 3072 1174 3083; x_wconf 81' lang='grc'><strong>,</strong></span> <span class='ocrx_word' id='word_1_238' title='bbox 1295 3064 1306 3073; x_wconf 90' lang='grc'><strong>.</strong></span> <span class='ocrx_word' id='word_1_239' title='bbox 1359 3012 1406 3084; x_wconf 82' lang='lat' dir='ltr'>i)</span> <span class='ocrx_word' id='word_1_240' title='bbox 1449 3011 1632 3069; x_wconf 85' lang='lat' dir='ltr'>Huius</span> <span class='ocrx_word' id='word_1_241' title='bbox 1658 3010 1833 3098; x_wconf 68' lang='lat' dir='ltr'>stagni</span> <span class='ocrx_word' id='word_1_242' title='bbox 1870 3010 2203 3069; x_wconf 73' lang='lat' dir='ltr'>diametrum</span> <span class='ocrx_word' id='word_1_243' title='bbox 2241 3011 2352 3070; x_wconf 87' lang='lat' dir='ltr'>feci</span> <span class='ocrx_word' id='word_1_244' title='bbox 2379 2994 2486 3071; x_wconf 35' lang='lat' dir='ltr'>&#39;sex</span> <span class='ocrx_word' id='word_1_245' title='bbox 2525 3013 2715 3088; x_wconf 74' lang='lat' dir='ltr'>pedes,</span> <span class='ocrx_word' id='word_1_246' title='bbox 2744 3009 2872 3068; x_wconf 76' lang='lat' dir='ltr'>affe·</span> 
     </span>
    </p>
   </div>
   <div class='ocr_carea' id='block_1_13' title="bbox 1065 3366 1218 3455">
    <p class='ocr_par' dir='ltr' id='par_1_14' title="bbox 1065 3366 1218 3455">
     <span class='ocr_line' id='line_1_31' title="bbox 1065 3366 1218 3455; baseline -0.013 -1"><span class='ocrx_word' id='word_1_247' title='bbox 1065 3366 1218 3455; x_wconf 69' lang='lat' dir='ltr'>m</span> 
     </span>
    </p>
   </div>
   <div class='ocr_carea' id='block_1_14' title="bbox 1272 3080 2878 4846">
    <p class='ocr_par' dir='ltr' id='par_1_15' title="bbox 1276 3080 2873 3308">
     <span class='ocr_line' id='line_1_32' title="bbox 1279 3080 2873 3163; baseline -0.001 -19"><span class='ocrx_word' id='word_1_248' title='bbox 1279 3084 1459 3148; x_wconf 71' lang='lat' dir='ltr'>ribus.</span> <span class='ocrx_word' id='word_1_249' title='bbox 1496 3084 1594 3160; x_wconf 88' lang='lat' dir='ltr'>qui</span> <span class='ocrx_word' id='word_1_250' title='bbox 1625 3083 1847 3158; x_wconf 77' lang='lat' dir='ltr'>sepiunt</span> <span class='ocrx_word' id='word_1_251' title='bbox 1904 3083 2025 3143; x_wconf 86' lang='lat' dir='ltr'>eius</span> <span class='ocrx_word' id='word_1_252' title='bbox 2055 3080 2382 3163; x_wconf 78' lang='lat' dir='ltr'>marginem,</span> <span class='ocrx_word' id='word_1_253' title='bbox 2423 3086 2694 3152; x_wconf 50' lang='lat' dir='ltr'>retr-affin</span> <span class='ocrx_word' id='word_1_254' title='bbox 2725 3104 2873 3161; x_wconf 80' lang='lat' dir='ltr'>quos</span> 
     </span>
     <span class='ocr_line' id='line_1_33' title="bbox 1278 3157 2873 3238; baseline 0.002 -22"><span class='ocrx_word' id='word_1_255' title='bbox 1278 3157 1510 3235; x_wconf 77' lang='lat' dir='ltr'>quidem</span> <span class='ocrx_word' id='word_1_256' title='bbox 1540 3157 1730 3215; x_wconf 74' lang='lat' dir='ltr'>afferet</span> <span class='ocrx_word' id='word_1_257' title='bbox 1770 3158 1832 3216; x_wconf 89' lang='lat' dir='ltr'>id</span> <span class='ocrx_word' id='word_1_258' title='bbox 1875 3157 2099 3217; x_wconf 83' lang='lat' dir='ltr'>efficere</span> <span class='ocrx_word' id='word_1_259' title='bbox 2127 3161 2332 3230; x_wconf 87' lang='lat' dir='ltr'>credo,</span> <span class='ocrx_word' id='word_1_260' title='bbox 2371 3160 2532 3238; x_wconf 80' lang='lat' dir='ltr'>quod</span> <span class='ocrx_word' id='word_1_261' title='bbox 2574 3162 2755 3219; x_wconf 84' lang='lat' dir='ltr'>Varro</span> <span class='ocrx_word' id='word_1_262' title='bbox 2786 3159 2873 3218; x_wconf 88' lang='lat' dir='ltr'>di·</span> 
     </span>
     <span class='ocr_line' id='line_1_34' title="bbox 1276 3230 1949 3308; baseline 0.006 -23"><span class='ocrx_word' id='word_1_263' title='bbox 1276 3230 1482 3308; x_wconf 58' lang='grc' dir='ltr'>αἰτίης</span> <span class='ocrx_word' id='word_1_264' title='bbox 1517 3232 1691 3289; x_wconf 85' lang='lat' dir='ltr'>estum</span> <span class='ocrx_word' id='word_1_265' title='bbox 1732 3231 1949 3290; x_wconf 77' lang='lat' dir='ltr'>faleris.</span> 
     </span>
    </p>

    <p class='ocr_par' dir='ltr' id='par_1_16' title="bbox 1281 3300 2877 3747">
     <span class='ocr_line' id='line_1_35' title="bbox 1357 3300 2870 3383; baseline 0.005 -24"><span class='ocrx_word' id='word_1_266' title='bbox 1357 3303 1423 3377; x_wconf 84' lang='lat' dir='ltr'>k)</span> <span class='ocrx_word' id='word_1_267' title='bbox 1515 3307 1626 3383; x_wconf 75' lang='lat' dir='ltr'>itca</span> <span class='ocrx_word' id='word_1_268' title='bbox 1651 3304 1833 3362; x_wconf 87' lang='lat' dir='ltr'>salere</span> <span class='ocrx_word' id='word_1_269' title='bbox 1861 3305 2017 3363; x_wconf 84' lang='lat' dir='ltr'>nihil</span> <span class='ocrx_word' id='word_1_270' title='bbox 2046 3300 2140 3370; x_wconf 82' lang='lat' dir='ltr'>e‘st,</span> <span class='ocrx_word' id='word_1_271' title='bbox 2177 3307 2336 3380; x_wconf 84' lang='lat' dir='ltr'>quod</span> <span class='ocrx_word' id='word_1_272' title='bbox 2380 3306 2566 3365; x_wconf 87' lang='lat' dir='ltr'>cauari</span> <span class='ocrx_word' id='word_1_273' title='bbox 2601 3308 2870 3381; x_wconf 84' lang='lat' dir='ltr'>potuerit,</span> 
     </span>
     <span class='ocr_line' id='line_1_36' title="bbox 1281 3379 2877 3512; baseline -0.001 -1"><span class='ocrx_word' id='word_1_274' title='bbox 1281 3390 1540 3511; x_wconf 48' lang='lat' dir='ltr'>{3²3th</span> <span class='ocrx_word' id='word_1_275' title='bbox 1546 3394 1719 3511; x_wconf 46' lang='lat'>³³3¹</span> <span class='ocrx_word' id='word_1_276' title='bbox 1724 3394 2014 3509; x_wconf 56' lang='grc' dir='ltr'>Ῥηίῖτίῖἳητρ</span> <span class='ocrx_word' id='word_1_277' title='bbox 2019 3379 2559 3511; x_wconf 47' lang='grc' dir='ltr'>εᾰὲἰῖῗῆἳεὶάεὲιῖῗὲ</span> <span class='ocrx_word' id='word_1_278' title='bbox 2566 3382 2725 3510; x_wconf 48' lang='lat' dir='ltr'>tliaenc¹</span> <span class='ocrx_word' id='word_1_279' title='bbox 2730 3398 2877 3512; x_wconf 42' lang='lat' dir='ltr'>tana,-</span> 
     </span>
     <span class='ocr_line' id='line_1_37' title="bbox 1281 3524 2876 3593; baseline 0 -8"><span class='ocrx_word' id='word_1_280' title='bbox 1281 3542 1408 3585; x_wconf 74' lang='grc' dir='ltr'>ωσι</span> <span class='ocrx_word' id='word_1_281' title='bbox 1444 3525 1666 3588; x_wconf 83' lang='lat' dir='ltr'>stabula,</span> <span class='ocrx_word' id='word_1_282' title='bbox 1704 3543 1832 3582; x_wconf 90' lang='lat' dir='ltr'>cum</span> <span class='ocrx_word' id='word_1_283' title='bbox 1877 3542 1935 3583; x_wconf 88' lang='lat' dir='ltr'>et</span> <span class='ocrx_word' id='word_1_284' title='bbox 1958 3524 2101 3582; x_wconf 86' lang='lat' dir='ltr'>circa</span> <span class='ocrx_word' id='word_1_285' title='bbox 2139 3526 2360 3582; x_wconf 87' lang='lat' dir='ltr'>naualia</span> <span class='ocrx_word' id='word_1_286' title='bbox 2399 3526 2564 3583; x_wconf 78' lang='lat' dir='ltr'>fuisse</span> <span class='ocrx_word' id='word_1_287' title='bbox 2600 3526 2876 3593; x_wconf 87' lang='lat' dir='ltr'>dicantur,</span> 
     </span>
     <span class='ocr_line' id='line_1_38' title="bbox 1281 3598 2875 3687; baseline 0.003 -33"><span class='ocrx_word' id='word_1_288' title='bbox 1281 3598 1422 3667; x_wconf 65' lang='lat' dir='ltr'>hine</span> <span class='ocrx_word' id='word_1_289' title='bbox 1453 3616 1684 3687; x_wconf 80' lang='lat' dir='ltr'>quoque</span> <span class='ocrx_word' id='word_1_290' title='bbox 1736 3599 1803 3656; x_wconf 89' lang='lat' dir='ltr'>ad</span> <span class='ocrx_word' id='word_1_291' title='bbox 1844 3616 1943 3665; x_wconf 84' lang='lat' dir='ltr'>ea,</span> <span class='ocrx_word' id='word_1_292' title='bbox 1987 3615 2130 3675; x_wconf 87' lang='lat' dir='ltr'>quae</span> <span class='ocrx_word' id='word_1_293' title='bbox 2168 3600 2241 3657; x_wconf 89' lang='lat' dir='ltr'>de</span> <span class='ocrx_word' id='word_1_294' title='bbox 2281 3599 2372 3679; x_wconf 63' lang='grc' dir='ltr'>δὶς</span> <span class='ocrx_word' id='word_1_295' title='bbox 2401 3600 2697 3661; x_wconf 82' lang='lat' dir='ltr'>naualibus</span> <span class='ocrx_word' id='word_1_296' title='bbox 2738 3601 2875 3668; x_wconf 82' lang='lat' dir='ltr'>dixi,</span> 
     </span>
     <span class='ocr_line' id='line_1_39' title="bbox 1283 3670 2202 3747; baseline -0.003 -15"><span class='ocrx_word' id='word_1_297' title='bbox 1283 3672 1507 3747; x_wconf 85' lang='lat' dir='ltr'>aliquid</span> <span class='ocrx_word' id='word_1_298' title='bbox 1533 3670 1945 3745; x_wconf 79' lang='lat' dir='ltr'>probabilitatis</span> <span class='ocrx_word' id='word_1_299' title='bbox 1976 3671 2202 3730; x_wconf 89' lang='lat' dir='ltr'>accedit.</span> 
     </span>
    </p>

    <p class='ocr_par' dir='ltr' id='par_1_17' title="bbox 1272 3745 2878 4846">
     <span class='ocr_line' id='line_1_40' title="bbox 1351 3745 2872 3819; baseline -0.001 -16"><span class='ocrx_word' id='word_1_300' title='bbox 1351 3747 1403 3815; x_wconf 84' lang='lat' dir='ltr'>l)</span> <span class='ocrx_word' id='word_1_301' title='bbox 1433 3747 1606 3805; x_wconf 81' lang='lat' dir='ltr'>Hunc</span> <span class='ocrx_word' id='word_1_302' title='bbox 1638 3745 1837 3802; x_wconf 85' lang='lat' dir='ltr'>locum</span> <span class='ocrx_word' id='word_1_303' title='bbox 1869 3762 2193 3819; x_wconf 80' lang='lat' dir='ltr'>corruptum</span> <span class='ocrx_word' id='word_1_304' title='bbox 2224 3746 2350 3813; x_wconf 80' lang='lat' dir='ltr'>effe,</span> <span class='ocrx_word' id='word_1_305' title='bbox 2369 3746 2481 3804; x_wconf 83' lang='lat' dir='ltr'>fate</span> <span class='ocrx_word' id='word_1_306' title='bbox 2589 3766 2614 3803; x_wconf 89' lang='lat' dir='ltr'>t</span> <span class='ocrx_word' id='word_1_307' title='bbox 2640 3765 2872 3811; x_wconf 81' lang='lat' dir='ltr'>omnes;</span> 
     </span>
     <span class='ocr_line' id='line_1_41' title="bbox 1283 3818 2878 3888; baseline -0.001 -11"><span class='ocrx_word' id='word_1_308' title='bbox 1283 3819 1383 3877; x_wconf 86' lang='lat' dir='ltr'>alii</span> <span class='ocrx_word' id='word_1_309' title='bbox 1397 3818 1553 3876; x_wconf 88' lang='lat' dir='ltr'>aliter</span> <span class='ocrx_word' id='word_1_310' title='bbox 1583 3819 1912 3876; x_wconf 88' lang='lat' dir='ltr'>emendant.</span> <span class='ocrx_word' id='word_1_311' title='bbox 1930 3818 2215 3875; x_wconf 83' lang='lat' dir='ltr'>Mihinon</span> <span class='ocrx_word' id='word_1_312' title='bbox 2234 3835 2454 3875; x_wconf 87' lang='lat' dir='ltr'>tantum</span> <span class='ocrx_word' id='word_1_313' title='bbox 2487 3839 2563 3875; x_wconf 89' lang='lat' dir='ltr'>vo</span> <span class='ocrx_word' id='word_1_314' title='bbox 2601 3837 2878 3888; x_wconf 82' lang='lat' dir='ltr'>,acutum,</span> 
     </span>
     <span class='ocr_line' id='line_1_42' title="bbox 1281 3889 2871 3968; baseline 0 -18"><span class='ocrx_word' id='word_1_315' title='bbox 1281 3894 1430 3951; x_wconf 80' lang='lat' dir='ltr'>male</span> <span class='ocrx_word' id='word_1_316' title='bbox 1453 3889 1620 3965; x_wconf 79' lang='lat' dir='ltr'>pofita</span> <span class='ocrx_word' id='word_1_317' title='bbox 1649 3891 1759 3949; x_wconf 82' lang='lat' dir='ltr'>effe</span> <span class='ocrx_word' id='word_1_318' title='bbox 1790 3891 2034 3959; x_wconf 75' lang='lat' dir='ltr'>videtur,</span> <span class='ocrx_word' id='word_1_319' title='bbox 2074 3908 2275 3949; x_wconf 78' lang='lat' dir='ltr'>verum</span> <span class='ocrx_word' id='word_1_320' title='bbox 2320 3890 2488 3949; x_wconf 90' lang='lat' dir='ltr'>etiam</span> <span class='ocrx_word' id='word_1_321' title='bbox 2537 3892 2723 3950; x_wconf 72' lang='lat' dir='ltr'>omina</span> <span class='ocrx_word' id='word_1_322' title='bbox 2748 3911 2871 3968; x_wconf 77' lang='lat' dir='ltr'>pars</span> 
     </span>
     <span class='ocr_line' id='line_1_43' title="bbox 1280 3962 2872 4041; baseline -0.002 -16"><span class='ocrx_word' id='word_1_323' title='bbox 1280 3964 1670 4039; x_wconf 76' lang='lat' dir='ltr'>descriptionis</span> <span class='ocrx_word' id='word_1_324' title='bbox 1702 3964 2006 4030; x_wconf 82' lang='lat' dir='ltr'>radiorum,</span> <span class='ocrx_word' id='word_1_325' title='bbox 2043 3982 2172 4021; x_wconf 90' lang='lat' dir='ltr'>cum</span> <span class='ocrx_word' id='word_1_326' title='bbox 2213 3962 2500 4038; x_wconf 86' lang='lat' dir='ltr'>principio</span> <span class='ocrx_word' id='word_1_327' title='bbox 2547 3965 2872 4041; x_wconf 86' lang='lat' dir='ltr'>descriptio-</span> 
     </span>
     <span class='ocr_line' id='line_1_44' title="bbox 1280 4036 2871 4123; baseline -0.001 -26"><span class='ocrx_word' id='word_1_328' title='bbox 1280 4039 1378 4101; x_wconf 73' lang='lat' dir='ltr'>nis</span> <span class='ocrx_word' id='word_1_329' title='bbox 1418 4038 1563 4106; x_wconf 83' lang='lat' dir='ltr'>caui,</span> <span class='ocrx_word' id='word_1_330' title='bbox 1615 4039 1678 4096; x_wconf 91' lang='lat' dir='ltr'>in</span> <span class='ocrx_word' id='word_1_331' title='bbox 1718 4056 1838 4123; x_wconf 84' lang='lat' dir='ltr'>quo</span> <span class='ocrx_word' id='word_1_332' title='bbox 1888 4036 1932 4094; x_wconf 83' lang='lat' dir='ltr'>ii</span> <span class='ocrx_word' id='word_1_333' title='bbox 1976 4037 2148 4105; x_wconf 86' lang='lat' dir='ltr'>radii,</span> <span class='ocrx_word' id='word_1_334' title='bbox 2189 4036 2380 4095; x_wconf 86' lang='lat' dir='ltr'>mensa</span> <span class='ocrx_word' id='word_1_335' title='bbox 2422 4038 2701 4107; x_wconf 70' lang='lat' dir='ltr'>instrusta,</span> <span class='ocrx_word' id='word_1_336' title='bbox 2734 4039 2871 4096; x_wconf 85' lang='lat' dir='ltr'>late-</span> 
     </span>
     <span class='ocr_line' id='line_1_45' title="bbox 1282 4108 2866 4193; baseline -0.001 -23"><span class='ocrx_word' id='word_1_337' title='bbox 1282 4116 1440 4175; x_wconf 82' lang='lat' dir='ltr'>bant.</span> <span class='ocrx_word' id='word_1_338' title='bbox 1515 4112 1650 4170; x_wconf 74' lang='lat' dir='ltr'>Eius</span> <span class='ocrx_word' id='word_1_339' title='bbox 1677 4130 1756 4168; x_wconf 81' lang='lat' dir='ltr'>rer</span> <span class='ocrx_word' id='word_1_340' title='bbox 1790 4108 1956 4167; x_wconf 87' lang='lat' dir='ltr'>fidem</span> <span class='ocrx_word' id='word_1_341' title='bbox 1988 4108 2121 4168; x_wconf 90' lang='lat' dir='ltr'>facit</span> <span class='ocrx_word' id='word_1_342' title='bbox 2143 4110 2261 4185; x_wconf 89' lang='lat' dir='ltr'>ipse</span> <span class='ocrx_word' id='word_1_343' title='bbox 2293 4111 2866 4193; x_wconf 53' lang='lat' dir='ltr'>scripforffiui&#39;paullo</span> 
     </span>
     <span class='ocr_line' id='line_1_46' title="bbox 1278 4181 2863 4263; baseline 0 -20"><span class='ocrx_word' id='word_1_344' title='bbox 1278 4187 1405 4263; x_wconf 80' lang='lat' dir='ltr'>post</span> <span class='ocrx_word' id='word_1_345' title='bbox 1431 4186 1503 4243; x_wconf 89' lang='lat' dir='ltr'>de</span> <span class='ocrx_word' id='word_1_346' title='bbox 1525 4185 1714 4244; x_wconf 86' lang='lat' dir='ltr'>mensa</span> <span class='ocrx_word' id='word_1_347' title='bbox 1743 4182 1795 4240; x_wconf 86' lang='lat' dir='ltr'>se</span> <span class='ocrx_word' id='word_1_348' title='bbox 1824 4181 2016 4243; x_wconf 73' lang='lat' dir='ltr'>dixiss‘e</span> <span class='ocrx_word' id='word_1_349' title='bbox 2044 4183 2153 4252; x_wconf 89' lang='lat' dir='ltr'>ait,</span> <span class='ocrx_word' id='word_1_350' title='bbox 2186 4202 2328 4259; x_wconf 89' lang='lat' dir='ltr'>quae</span> <span class='ocrx_word' id='word_1_351' title='bbox 2369 4184 2432 4241; x_wconf 89' lang='lat' dir='ltr'>in</span> <span class='ocrx_word' id='word_1_352' title='bbox 2466 4184 2662 4259; x_wconf 85' lang='lat' dir='ltr'>primis</span> <span class='ocrx_word' id='word_1_353' title='bbox 2696 4185 2863 4243; x_wconf 73' lang='lat' dir='ltr'>radiis</span> 
     </span>
     <span class='ocr_line' id='line_1_47' title="bbox 1279 4256 2862 4391; baseline -0.001 -75"><span class='ocrx_word' id='word_1_354' title='bbox 1279 4276 1428 4325; x_wconf 74' lang='lat' dir='ltr'>erat3</span> <span class='ocrx_word' id='word_1_355' title='bbox 1462 4276 1764 4390; x_wconf 54' lang='lat' dir='ltr'>quasscpm</span> <span class='ocrx_word' id='word_1_356' title='bbox 1800 4257 1912 4389; x_wconf 64' lang='lat' dir='ltr'>llroc</span> <span class='ocrx_word' id='word_1_357' title='bbox 1952 4256 2085 4315; x_wconf 86' lang='lat' dir='ltr'>loco</span> <span class='ocrx_word' id='word_1_358' title='bbox 2115 4258 2259 4334; x_wconf 88' lang='lat' dir='ltr'>poni</span> <span class='ocrx_word' id='word_1_359' title='bbox 2295 4259 2590 4391; x_wconf 50' lang='lat' dir='ltr'>pgtue‘riing</span> <span class='ocrx_word' id='word_1_360' title='bbox 2631 4260 2862 4388; x_wconf 40' lang='lat' dir='ltr'>optim-et,</span> 
     </span>
     <span class='ocr_line' id='line_1_48' title="bbox 1278 4335 2861 4482; baseline -0.003 -16"><span class='ocrx_word' id='word_1_361' title='bbox 1278 4349 1469 4467; x_wconf 61' lang='lat'><strong>222¹:</strong></span> <span class='ocrx_word' id='word_1_362' title='bbox 1501 4350 1778 4472; x_wconf 63' lang='grc' dir='ltr'><strong>3,,Ρὲἒὲ</strong></span> <span class='ocrx_word' id='word_1_363' title='bbox 1819 4349 2098 4482; x_wconf 42' lang='lat' dir='ltr'>iffi&amp;</span> <span class='ocrx_word' id='word_1_364' title='bbox 2140 4335 2346 4464; x_wconf 54' lang='lat' dir='ltr'>212?ssss</span> <span class='ocrx_word' id='word_1_365' title='bbox 2370 4350 2748 4475; x_wconf 55' lang='lat'>3330121‘1’3?</span> <span class='ocrx_word' id='word_1_366' title='bbox 2771 4354 2861 4463; x_wconf 58' lang='lat'>0¹13</span> 
     </span>
     <span class='ocr_line' id='line_1_49' title="bbox 1279 4480 2864 4553; baseline -0.001 -15"><span class='ocrx_word' id='word_1_367' title='bbox 1279 4480 1404 4543; x_wconf 84' lang='lat' dir='ltr'>bile</span> <span class='ocrx_word' id='word_1_368' title='bbox 1453 4480 1844 4545; x_wconf 69' lang='lat' dir='ltr'>confestum,</span> <span class='ocrx_word' id='word_1_369' title='bbox 1903 4496 2029 4537; x_wconf 84' lang='lat' dir='ltr'>rota</span> <span class='ocrx_word' id='word_1_370' title='bbox 2084 4481 2254 4553; x_wconf 88' lang='lat' dir='ltr'>plena</span> <span class='ocrx_word' id='word_1_371' title='bbox 2302 4480 2599 4551; x_wconf 81' lang='lat' dir='ltr'>prodibat:</span> <span class='ocrx_word' id='word_1_372' title='bbox 2664 4496 2864 4537; x_wconf 89' lang='lat' dir='ltr'>cauum</span> 
     </span>
     <span class='ocr_line' id='line_1_50' title="bbox 1275 4551 2854 4630; baseline -0.001 -19"><span class='ocrx_word' id='word_1_373' title='bbox 1275 4571 1497 4625; x_wconf 63' lang='lat' dir='ltr'>aum,</span> <span class='ocrx_word' id='word_1_374' title='bbox 1544 4552 1718 4630; x_wconf 86' lang='lat' dir='ltr'>figura</span> <span class='ocrx_word' id='word_1_375' title='bbox 1839 4551 2031 4626; x_wconf 87' lang='lat' dir='ltr'>mpani</span> <span class='ocrx_word' id='word_1_376' title='bbox 2073 4552 2166 4609; x_wconf 82' lang='lat' dir='ltr'>vel</span> <span class='ocrx_word' id='word_1_377' title='bbox 2213 4551 2352 4609; x_wconf 88' lang='lat' dir='ltr'>disci</span> <span class='ocrx_word' id='word_1_378' title='bbox 2404 4553 2588 4620; x_wconf 83' lang='lat' dir='ltr'>craffi,</span> <span class='ocrx_word' id='word_1_379' title='bbox 2636 4553 2699 4611; x_wconf 89' lang='lat' dir='ltr'>in</span> <span class='ocrx_word' id='word_1_380' title='bbox 2739 4570 2854 4629; x_wconf 89' lang='lat' dir='ltr'>quo</span> 
     </span>
     <span class='ocr_line' id='line_1_51' title="bbox 1272 4622 2857 4700; baseline -0.001 -15"><span class='ocrx_word' id='word_1_381' title='bbox 1272 4626 1322 4685; x_wconf 86' lang='lat' dir='ltr'>ii</span> <span class='ocrx_word' id='word_1_382' title='bbox 1353 4627 1493 4685; x_wconf 88' lang='lat' dir='ltr'>radii</span> <span class='ocrx_word' id='word_1_383' title='bbox 1522 4644 1791 4685; x_wconf 85' lang='lat' dir='ltr'>conuerte</span> <span class='ocrx_word' id='word_1_384' title='bbox 1832 4642 2012 4693; x_wconf 85' lang='lat' dir='ltr'>antur,</span> <span class='ocrx_word' id='word_1_385' title='bbox 2052 4622 2229 4682; x_wconf 81' lang='lat' dir='ltr'>altum</span> <span class='ocrx_word' id='word_1_386' title='bbox 2261 4624 2490 4698; x_wconf 84' lang='lat' dir='ltr'>quidem</span> <span class='ocrx_word' id='word_1_387' title='bbox 2527 4622 2686 4685; x_wconf 82' lang='lat' dir='ltr'>sumsi</span> <span class='ocrx_word' id='word_1_388' title='bbox 2733 4626 2857 4700; x_wconf 80' lang='lat' dir='ltr'>pol-</span> 
     </span>
     <span class='ocr_line' id='line_1_52' title="bbox 1273 4695 2855 4774; baseline -0.003 -13"><span class='ocrx_word' id='word_1_389' title='bbox 1273 4700 1415 4761; x_wconf 77' lang='lat' dir='ltr'>lices</span> <span class='ocrx_word' id='word_1_390' title='bbox 1443 4717 1552 4758; x_wconf 75' lang='lat' dir='ltr'>tres</span> <span class='ocrx_word' id='word_1_391' title='bbox 1572 4718 1656 4764; x_wconf 76' lang='lat' dir='ltr'>‚vt</span> <span class='ocrx_word' id='word_1_392' title='bbox 1667 4697 1990 4774; x_wconf 86' lang='lat' dir='ltr'>praescribit</span> <span class='ocrx_word' id='word_1_393' title='bbox 2010 4698 2210 4767; x_wconf 88' lang='lat' dir='ltr'>Varro,</span> <span class='ocrx_word' id='word_1_394' title='bbox 2229 4695 2339 4756; x_wconf 81' lang='lat' dir='ltr'>bafi</span> <span class='ocrx_word' id='word_1_395' title='bbox 2357 4716 2543 4757; x_wconf 87' lang='lat' dir='ltr'>autem</span> <span class='ocrx_word' id='word_1_396' title='bbox 2563 4700 2682 4756; x_wconf 81' lang='lat' dir='ltr'>eius</span> <span class='ocrx_word' id='word_1_397' title='bbox 2694 4699 2855 4757; x_wconf 87' lang='lat' dir='ltr'>semi-</span> 
     </span>
     <span class='ocr_line' id='line_1_53' title="bbox 1272 4768 2854 4846; baseline -0.006 -13"><span class='ocrx_word' id='word_1_398' title='bbox 1272 4771 1606 4833; x_wconf 78' lang='lat' dir='ltr'>diametrum</span> <span class='ocrx_word' id='word_1_399' title='bbox 1629 4772 1856 4831; x_wconf 83' lang='lat' dir='ltr'>attribui</span> <span class='ocrx_word' id='word_1_400' title='bbox 1887 4771 2125 4831; x_wconf 83' lang='lat' dir='ltr'>duorum</span> <span class='ocrx_word' id='word_1_401' title='bbox 2164 4788 2225 4829; x_wconf 85' lang='lat' dir='ltr'>et</span> <span class='ocrx_word' id='word_1_402' title='bbox 2255 4768 2478 4830; x_wconf 87' lang='lat' dir='ltr'>dimidii</span> <span class='ocrx_word' id='word_1_403' title='bbox 2492 4772 2684 4846; x_wconf 84' lang='lat' dir='ltr'>pedis,</span> <span class='ocrx_word' id='word_1_404' title='bbox 2728 4772 2854 4830; x_wconf 82' lang='lat' dir='ltr'>lati.</span> 
     </span>
    </p>
   </div>
   <div class='ocr_carea' id='block_1_15' title="bbox 4260 1744 4525 1816">
    <p class='ocr_par' dir='ltr' id='par_1_18' title="bbox 4260 1744 4525 1816">
     <span class='ocr_line' id='line_1_54' title="bbox 4260 1744 4525 1816; baseline 0.011 -3"><span class='ocrx_word' id='word_1_405' title='bbox 4260 1744 4525 1816; x_wconf 79' lang='lat' dir='ltr'>-riuus</span> 
     </span>
    </p>
   </div>
   <div class='ocr_carea' id='block_1_16' title="bbox 2935 1907 4545 4270">
    <p class='ocr_par' dir='ltr' id='par_1_19' title="bbox 2935 1907 4545 4270">
     <span class='ocr_line' id='line_1_55' title="bbox 2950 1907 4520 1980; baseline 0.006 -12"><span class='ocrx_word' id='word_1_406' title='bbox 2950 1908 3091 1970; x_wconf 85' lang='lat' dir='ltr'>tudo</span> <span class='ocrx_word' id='word_1_407' title='bbox 3132 1927 3261 1968; x_wconf 89' lang='lat' dir='ltr'>non</span> <span class='ocrx_word' id='word_1_408' title='bbox 3308 1907 3774 1969; x_wconf 77' lang='lat' dir='ltr'>semidiametrum</span> <span class='ocrx_word' id='word_1_409' title='bbox 3814 1908 4074 1980; x_wconf 79' lang='lat' dir='ltr'>denotat,</span> <span class='ocrx_word' id='word_1_410' title='bbox 4110 1928 4302 1972; x_wconf 78' lang='lat' dir='ltr'>verum</span> <span class='ocrx_word' id='word_1_411' title='bbox 4343 1931 4520 1976; x_wconf 81' lang='lat' dir='ltr'>totam</span> 
     </span>
     <span class='ocr_line' id='line_1_56' title="bbox 2952 1984 4527 2062; baseline 0.001 -19"><span class='ocrx_word' id='word_1_412' title='bbox 2952 1985 3302 2051; x_wconf 81' lang='lat' dir='ltr'>diametrum,</span> <span class='ocrx_word' id='word_1_413' title='bbox 3334 1984 3571 2045; x_wconf 83' lang='lat' dir='ltr'>mensam</span> <span class='ocrx_word' id='word_1_414' title='bbox 3600 2000 3784 2044; x_wconf 86' lang='lat' dir='ltr'>tamen</span> <span class='ocrx_word' id='word_1_415' title='bbox 3823 1985 3965 2053; x_wconf 84' lang='lat' dir='ltr'>vsui,</span> <span class='ocrx_word' id='word_1_416' title='bbox 4000 1986 4065 2044; x_wconf 90' lang='lat' dir='ltr'>in</span> <span class='ocrx_word' id='word_1_417' title='bbox 4092 2004 4261 2062; x_wconf 89' lang='lat' dir='ltr'>quem</span> <span class='ocrx_word' id='word_1_418' title='bbox 4296 1994 4527 2062; x_wconf 80' lang='lat' dir='ltr'>paraba-</span> 
     </span>
     <span class='ocr_line' id='line_1_57' title="bbox 2954 2058 4525 2138; baseline 0.004 -22"><span class='ocrx_word' id='word_1_419' title='bbox 2954 2076 3069 2122; x_wconf 85' lang='lat' dir='ltr'>tur,</span> <span class='ocrx_word' id='word_1_420' title='bbox 3105 2075 3306 2133; x_wconf 83' lang='lat' dir='ltr'>aptam,</span> <span class='ocrx_word' id='word_1_421' title='bbox 3343 2058 3586 2115; x_wconf 87' lang='lat' dir='ltr'>construi</span> <span class='ocrx_word' id='word_1_422' title='bbox 3640 2058 4014 2117; x_wconf 80' lang='lat' dir='ltr'>nihilominus</span> <span class='ocrx_word' id='word_1_423' title='bbox 4066 2061 4321 2135; x_wconf 68' lang='lat' dir='ltr'>potuisse,</span> <span class='ocrx_word' id='word_1_424' title='bbox 4361 2064 4525 2138; x_wconf 78' lang='lat' dir='ltr'>supra,</span> 
     </span>
     <span class='ocr_line' id='line_1_58' title="bbox 2956 2130 4525 2200; baseline 0.003 -11"><span class='ocrx_word' id='word_1_425' title='bbox 2956 2132 3232 2195; x_wconf 83' lang='lat' dir='ltr'>ostensum</span> <span class='ocrx_word' id='word_1_426' title='bbox 3264 2130 3354 2187; x_wconf 88' lang='lat' dir='ltr'>est.</span> <span class='ocrx_word' id='word_1_427' title='bbox 3429 2133 3650 2190; x_wconf 84' lang='lat' dir='ltr'>Poterat</span> <span class='ocrx_word' id='word_1_428' title='bbox 3675 2131 3827 2189; x_wconf 89' lang='lat' dir='ltr'>enim</span> <span class='ocrx_word' id='word_1_429' title='bbox 3854 2132 4038 2200; x_wconf 77' lang='lat' dir='ltr'>radiis,</span> <span class='ocrx_word' id='word_1_430' title='bbox 4051 2134 4153 2190; x_wconf 86' lang='lat' dir='ltr'>hac</span> <span class='ocrx_word' id='word_1_431' title='bbox 4180 2134 4525 2196; x_wconf 72' lang='lat' dir='ltr'>semidiame:</span> 
     </span>
     <span class='ocr_line' id='line_1_59' title="bbox 2952 2204 4517 2279; baseline 0.004 -16"><span class='ocrx_word' id='word_1_432' title='bbox 2952 2221 3040 2263; x_wconf 84' lang='lat' dir='ltr'>tro</span> <span class='ocrx_word' id='word_1_433' title='bbox 3097 2224 3224 2263; x_wconf 89' lang='lat' dir='ltr'>non</span> <span class='ocrx_word' id='word_1_434' title='bbox 3264 2204 3444 2260; x_wconf 88' lang='lat' dir='ltr'>multo</span> <span class='ocrx_word' id='word_1_435' title='bbox 3490 2206 3877 2272; x_wconf 80' lang='lat' dir='ltr'>breuioribus,</span> <span class='ocrx_word' id='word_1_436' title='bbox 3918 2225 4021 2279; x_wconf 86' lang='lat' dir='ltr'>pro</span> <span class='ocrx_word' id='word_1_437' title='bbox 4058 2207 4246 2264; x_wconf 87' lang='lat' dir='ltr'>mensa</span> <span class='ocrx_word' id='word_1_438' title='bbox 4280 2212 4517 2270; x_wconf 73' lang='lat' dir='ltr'>versatili</span> 
     </span>
     <span class='ocr_line' id='line_1_60' title="bbox 2953 2275 4523 2371; baseline 0.006 -36"><span class='ocrx_word' id='word_1_439' title='bbox 2953 2279 3109 2336; x_wconf 78' lang='lat' dir='ltr'>orbis</span> <span class='ocrx_word' id='word_1_440' title='bbox 3148 2275 3387 2353; x_wconf 88' lang='lat' dir='ltr'>imponi,</span> <span class='ocrx_word' id='word_1_441' title='bbox 3433 2276 3594 2335; x_wconf 82' lang='lat' dir='ltr'>cuius</span> <span class='ocrx_word' id='word_1_442' title='bbox 3638 2280 3904 2337; x_wconf 78' lang='lat' dir='ltr'>diameter</span> <span class='ocrx_word' id='word_1_443' title='bbox 3938 2279 4068 2339; x_wconf 79' lang='lat' dir='ltr'>effer</span> <span class='ocrx_word' id='word_1_444' title='bbox 4102 2282 4273 2339; x_wconf 88' lang='lat' dir='ltr'>trium</span> <span class='ocrx_word' id='word_1_445' title='bbox 4290 2286 4523 2371; x_wconf 76' lang='lat' dir='ltr'>pedum,</span> 
     </span>
     <span class='ocr_line' id='line_1_61' title="bbox 2952 2350 4519 2421; baseline 0.001 -11"><span class='ocrx_word' id='word_1_446' title='bbox 2952 2350 3164 2410; x_wconf 85' lang='lat' dir='ltr'>stabilis</span> <span class='ocrx_word' id='word_1_447' title='bbox 3204 2366 3384 2407; x_wconf 87' lang='lat' dir='ltr'>autem</span> <span class='ocrx_word' id='word_1_448' title='bbox 3412 2351 3565 2408; x_wconf 81' lang='lat' dir='ltr'>orbis</span> <span class='ocrx_word' id='word_1_449' title='bbox 3584 2370 3781 2410; x_wconf 88' lang='lat' dir='ltr'>cauum</span> <span class='ocrx_word' id='word_1_450' title='bbox 3795 2353 4374 2421; x_wconf 78' lang='lat' dir='ltr'>circumdans,.cums</span> <span class='ocrx_word' id='word_1_451' title='bbox 4465 2380 4519 2416; x_wconf 84' lang='lat' dir='ltr'>r.</span> 
     </span>
     <span class='ocr_line' id='line_1_62' title="bbox 2957 2379 4520 2503; baseline 0.006 -21"><span class='ocrx_word' id='word_1_452' title='bbox 2957 2442 3071 2482; x_wconf 88' lang='lat' dir='ltr'>tem</span> <span class='ocrx_word' id='word_1_453' title='bbox 3101 2424 3336 2482; x_wconf 87' lang='lat' dir='ltr'>interior</span> <span class='ocrx_word' id='word_1_454' title='bbox 3366 2422 3470 2480; x_wconf 81' lang='lat' dir='ltr'>ine</span> <span class='ocrx_word' id='word_1_455' title='bbox 3494 2427 3729 2501; x_wconf 82' lang='lat' dir='ltr'>tegebat,</span> <span class='ocrx_word' id='word_1_456' title='bbox 3762 2426 3902 2482; x_wconf 77' lang='lat' dir='ltr'>latus</span> <span class='ocrx_word' id='word_1_457' title='bbox 3945 2425 4061 2485; x_wconf 85' lang='lat' dir='ltr'>fieri</span> <span class='ocrx_word' id='word_1_458' title='bbox 4099 2426 4285 2503; x_wconf 85' lang='lat' dir='ltr'>potuit</span> <span class='ocrx_word' id='word_1_459' title='bbox 4319 2379 4520 2491; x_wconf 53' lang='grc' dir='ltr'>ίείμί-</span> 
     </span>
     <span class='ocr_line' id='line_1_63' title="bbox 2957 2451 4523 2573; baseline 0.007 -19"><span class='ocrx_word' id='word_1_460' title='bbox 2957 2498 3160 2573; x_wconf 89' lang='lat' dir='ltr'>pedem</span> <span class='ocrx_word' id='word_1_461' title='bbox 3187 2498 3276 2554; x_wconf 80' lang='lat' dir='ltr'>vel</span> <span class='ocrx_word' id='word_1_462' title='bbox 3314 2497 3458 2555; x_wconf 82' lang='lat' dir='ltr'>duos</span> <span class='ocrx_word' id='word_1_463' title='bbox 3480 2501 3668 2573; x_wconf 87' lang='lat' dir='ltr'>pedes.</span> <span class='ocrx_word' id='word_1_464' title='bbox 3773 2502 3853 2557; x_wconf 79' lang='lat' dir='ltr'>lta</span> <span class='ocrx_word' id='word_1_465' title='bbox 3877 2501 4062 2558; x_wconf 85' lang='lat' dir='ltr'>mensa</span> <span class='ocrx_word' id='word_1_466' title='bbox 4088 2503 4371 2563; x_wconf 75' lang='lat' dir='ltr'>oriebatur</span> <span class='ocrx_word' id='word_1_467' title='bbox 4394 2451 4523 2565; x_wconf 54' lang='grc' dir='ltr'>Ἑα-</span> 
     </span>
     <span class='ocr_line' id='line_1_64' title="bbox 2960 2569 4521 2652; baseline 0.007 -24"><span class='ocrx_word' id='word_1_468' title='bbox 2960 2569 3129 2629; x_wconf 85' lang='lat' dir='ltr'>metri</span> <span class='ocrx_word' id='word_1_469' title='bbox 3158 2571 3413 2646; x_wconf 87' lang='lat' dir='ltr'>quinque</span> <span class='ocrx_word' id='word_1_470' title='bbox 3453 2572 3549 2629; x_wconf 81' lang='lat' dir='ltr'>vel</span> <span class='ocrx_word' id='word_1_471' title='bbox 3590 2572 3676 2629; x_wconf 82' lang='lat' dir='ltr'>sex</span> <span class='ocrx_word' id='word_1_472' title='bbox 3702 2573 3938 2652; x_wconf 73' lang='lat' dir='ltr'>gedum,</span> <span class='ocrx_word' id='word_1_473' title='bbox 3974 2575 4264 2648; x_wconf 82' lang='lat' dir='ltr'>pauciores</span> <span class='ocrx_word' id='word_1_474' title='bbox 4301 2579 4521 2639; x_wconf 75' lang='lat' dir='ltr'>fortarre</span> 
     </span>
     <span class='ocr_line' id='line_1_65' title="bbox 2948 2644 4513 2719; baseline 0.006 -17"><span class='ocrx_word' id='word_1_475' title='bbox 2948 2662 3245 2719; x_wconf 49' lang='lat' dir='ltr'>¹exceptura</span> <span class='ocrx_word' id='word_1_476' title='bbox 3275 2644 3568 2713; x_wconf 83' lang='lat' dir='ltr'>conuiuas,</span> <span class='ocrx_word' id='word_1_477' title='bbox 3608 2666 3800 2704; x_wconf 88' lang='lat' dir='ltr'>verum</span> <span class='ocrx_word' id='word_1_478' title='bbox 3843 2646 4014 2705; x_wconf 81' lang='lat' dir='ltr'>laxius</span> <span class='ocrx_word' id='word_1_479' title='bbox 4052 2666 4110 2706; x_wconf 90' lang='lat' dir='ltr'>et</span> <span class='ocrx_word' id='word_1_480' title='bbox 4147 2653 4513 2712; x_wconf 77' lang='lat' dir='ltr'>commodius.</span> 
     </span>
     <span class='ocr_line' id='line_1_66' title="bbox 2948 2718 4490 2791; baseline 0.005 -15"><span class='ocrx_word' id='word_1_481' title='bbox 2948 2719 3253 2776; x_wconf 86' lang='lat' dir='ltr'>Debebant</span> <span class='ocrx_word' id='word_1_482' title='bbox 3293 2718 3761 2791; x_wconf 22' lang='lat' dir='ltr'>enimssculcitae,</span> <span class='ocrx_word' id='word_1_483' title='bbox 3823 2720 3889 2778; x_wconf 87' lang='lat' dir='ltr'>in</span> <span class='ocrx_word' id='word_1_484' title='bbox 4020 2720 4145 2781; x_wconf 85' lang='lat' dir='ltr'>ibus</span> <span class='ocrx_word' id='word_1_485' title='bbox 4207 2725 4490 2784; x_wconf 71' lang='lat' dir='ltr'>necabitur</span> 
     </span>
     <span class='ocr_line' id='line_1_67' title="bbox 2951 2791 4545 2877; baseline 0.006 -29"><span class='ocrx_word' id='word_1_486' title='bbox 2951 2808 3128 2855; x_wconf 87' lang='lat' dir='ltr'>erant,</span> <span class='ocrx_word' id='word_1_487' title='bbox 3169 2791 3435 2849; x_wconf 84' lang='lat' dir='ltr'>anteriori</span> <span class='ocrx_word' id='word_1_488' title='bbox 3464 2810 3617 2866; x_wconf 86' lang='lat' dir='ltr'>parte</span> <span class='ocrx_word' id='word_1_489' title='bbox 3644 2795 3890 2852; x_wconf 86' lang='lat' dir='ltr'>eleuatae</span> <span class='ocrx_word' id='word_1_490' title='bbox 4021 2834 4039 2861; x_wconf 90' lang='lat'>,</span> <span class='ocrx_word' id='word_1_491' title='bbox 4071 2814 4186 2871; x_wconf 85' lang='lat' dir='ltr'>quo</span> <span class='ocrx_word' id='word_1_492' title='bbox 4210 2798 4349 2856; x_wconf 74' lang='lat' dir='ltr'>lanu</span> <span class='ocrx_word' id='word_1_493' title='bbox 4373 2798 4545 2877; x_wconf 68' lang='lat' dir='ltr'>mol..</span> 
     </span>
     <span class='ocr_line' id='line_1_68' title="bbox 2948 2863 4515 2943; baseline 0.006 -21"><span class='ocrx_word' id='word_1_494' title='bbox 2948 2865 3078 2922; x_wconf 87' lang='lat' dir='ltr'>liter</span> <span class='ocrx_word' id='word_1_495' title='bbox 3108 2863 3404 2931; x_wconf 75' lang='lat' dir='ltr'>fulcirent,</span> <span class='ocrx_word' id='word_1_496' title='bbox 3443 2864 3532 2923; x_wconf 75' lang='lat' dir='ltr'>cdi</span> <span class='ocrx_word' id='word_1_497' title='bbox 3562 2868 3658 2934; x_wconf 86' lang='lat' dir='ltr'>rei,</span> <span class='ocrx_word' id='word_1_498' title='bbox 3686 2885 3949 2929; x_wconf 82' lang='lat' dir='ltr'>manente</span> <span class='ocrx_word' id='word_1_499' title='bbox 3971 2868 4269 2930; x_wconf 78' lang='lat' dir='ltr'>latitudine</span> <span class='ocrx_word' id='word_1_500' title='bbox 4308 2873 4515 2943; x_wconf 72' lang='lat' dir='ltr'>faleris,</span> 
     </span>
     <span class='ocr_line' id='line_1_69' title="bbox 2948 2937 4511 3021; baseline 0.007 -26"><span class='ocrx_word' id='word_1_501' title='bbox 2948 2937 3137 2996; x_wconf 82' lang='lat' dir='ltr'>minor</span> <span class='ocrx_word' id='word_1_502' title='bbox 3169 2939 3357 2997; x_wconf 84' lang='lat' dir='ltr'>mensa</span> <span class='ocrx_word' id='word_1_503' title='bbox 3385 2939 3510 3013; x_wconf 85' lang='lat' dir='ltr'>plus</span> <span class='ocrx_word' id='word_1_504' title='bbox 3536 2941 3692 3015; x_wconf 87' lang='lat' dir='ltr'>spatii</span> <span class='ocrx_word' id='word_1_505' title='bbox 3732 2944 4096 3011; x_wconf 75' lang='lat' dir='ltr'>concedebat.</span> <span class='ocrx_word' id='word_1_506' title='bbox 4128 2964 4294 3021; x_wconf 77' lang='lat' dir='ltr'>quam</span> <span class='ocrx_word' id='word_1_507' title='bbox 4314 2947 4511 3007; x_wconf 85' lang='lat' dir='ltr'>maior.</span> 
     </span>
     <span class='ocr_line' id='line_1_70' title="bbox 2949 3011 4512 3096; baseline 0.003 -28"><span class='ocrx_word' id='word_1_508' title='bbox 2949 3013 3084 3083; x_wconf 83' lang='lat' dir='ltr'>Qo</span> <span class='ocrx_word' id='word_1_509' title='bbox 3119 3011 3290 3087; x_wconf 78' lang='lat' dir='ltr'>magis</span> <span class='ocrx_word' id='word_1_510' title='bbox 3333 3011 3480 3069; x_wconf 86' lang='lat' dir='ltr'>hanc</span> <span class='ocrx_word' id='word_1_511' title='bbox 3519 3033 3640 3071; x_wconf 86' lang='lat' dir='ltr'>rem</span> <span class='ocrx_word' id='word_1_512' title='bbox 3678 3015 3990 3089; x_wconf 83' lang='lat' dir='ltr'>expedirem</span> <span class='ocrx_word' id='word_1_513' title='bbox 4022 3019 4215 3089; x_wconf 88' lang='lat' dir='ltr'>(Tab.</span> <span class='ocrx_word' id='word_1_514' title='bbox 4231 3020 4337 3092; x_wconf 84' lang='lat'>11.)</span> <span class='ocrx_word' id='word_1_515' title='bbox 4374 3017 4512 3096; x_wconf 77' lang='lat' dir='ltr'>figu-</span> 
     </span>
     <span class='ocr_line' id='line_1_71' title="bbox 2948 3084 4515 3166; baseline 0.006 -23"><span class='ocrx_word' id='word_1_516' title='bbox 2948 3102 3061 3143; x_wconf 85' lang='lat' dir='ltr'>ram</span> <span class='ocrx_word' id='word_1_517' title='bbox 3090 3084 3339 3142; x_wconf 66' lang='lat' dir='ltr'>oRauam</span> <span class='ocrx_word' id='word_1_518' title='bbox 3370 3086 3574 3156; x_wconf 82' lang='lat' dir='ltr'>addidi,</span> <span class='ocrx_word' id='word_1_519' title='bbox 3608 3106 3716 3163; x_wconf 86' lang='lat' dir='ltr'>qua</span> <span class='ocrx_word' id='word_1_520' title='bbox 3759 3090 3974 3157; x_wconf 86' lang='lat' dir='ltr'>mensa,</span> <span class='ocrx_word' id='word_1_521' title='bbox 4018 3108 4181 3165; x_wconf 89' lang='lat' dir='ltr'>quam</span> <span class='ocrx_word' id='word_1_522' title='bbox 4212 3111 4314 3166; x_wconf 87' lang='lat' dir='ltr'>per</span> <span class='ocrx_word' id='word_1_523' title='bbox 4341 3096 4515 3152; x_wconf 78' lang='lat' dir='ltr'>verba</span> 
     </span>
     <span class='ocr_line' id='line_1_72' title="bbox 2946 3158 4511 3233; baseline 0.005 -17"><span class='ocrx_word' id='word_1_524' title='bbox 2946 3158 3229 3233; x_wconf 82' lang='lat' dir='ltr'>scriptoris</span> <span class='ocrx_word' id='word_1_525' title='bbox 3295 3161 3502 3233; x_wconf 82' lang='lat' dir='ltr'>potest,</span> <span class='ocrx_word' id='word_1_526' title='bbox 3575 3161 3807 3220; x_wconf 83' lang='lat' dir='ltr'>maxime</span> <span class='ocrx_word' id='word_1_527' title='bbox 3854 3163 4148 3223; x_wconf 84' lang='lat' dir='ltr'>inuninuta</span> <span class='ocrx_word' id='word_1_528' title='bbox 4202 3167 4511 3226; x_wconf 81' lang='lat' dir='ltr'>exhibetur.</span> 
     </span>
     <span class='ocr_line' id='line_1_73' title="bbox 2947 3233 4515 3316; baseline 0.007 -27"><span class='ocrx_word' id='word_1_529' title='bbox 2947 3235 3161 3289; x_wconf 87' lang='lat' dir='ltr'>Orbem</span> <span class='ocrx_word' id='word_1_530' title='bbox 3203 3233 3534 3290; x_wconf 86' lang='lat' dir='ltr'>interiorem</span> <span class='ocrx_word' id='word_1_531' title='bbox 3571 3236 3884 3294; x_wconf 81' lang='lat' dir='ltr'>versatilem</span> <span class='ocrx_word' id='word_1_532' title='bbox 3912 3234 4036 3295; x_wconf 74' lang='lat' dir='ltr'>&#39;tres</span> <span class='ocrx_word' id='word_1_533' title='bbox 4088 3255 4303 3297; x_wconf 81' lang='lat' dir='ltr'>tantum</span> <span class='ocrx_word' id='word_1_534' title='bbox 4341 3243 4515 3316; x_wconf 73' lang='lat' dir='ltr'>pedes</span> 
     </span>
     <span class='ocr_line' id='line_1_74' title="bbox 2944 3305 4517 3373; baseline 0.007 -11"><span class='ocrx_word' id='word_1_535' title='bbox 2944 3308 3118 3362; x_wconf 88' lang='lat' dir='ltr'>latum</span> <span class='ocrx_word' id='word_1_536' title='bbox 3150 3305 3261 3362; x_wconf 86' lang='lat' dir='ltr'>feci</span> <span class='ocrx_word' id='word_1_537' title='bbox 3280 3326 3296 3370; x_wconf 89' lang='lat'>;</span> <span class='ocrx_word' id='word_1_538' title='bbox 3333 3305 3509 3363; x_wconf 78' lang='lat' dir='ltr'>totius</span> <span class='ocrx_word' id='word_1_539' title='bbox 3552 3326 3736 3367; x_wconf 86' lang='lat' dir='ltr'>autem</span> <span class='ocrx_word' id='word_1_540' title='bbox 3776 3310 3998 3368; x_wconf 82' lang='lat' dir='ltr'>mensae</span> <span class='ocrx_word' id='word_1_541' title='bbox 4040 3311 4367 3371; x_wconf 80' lang='lat' dir='ltr'>diametrum</span> <span class='ocrx_word' id='word_1_542' title='bbox 4400 3314 4517 3373; x_wconf 81' lang='lat' dir='ltr'>feci</span> 
     </span>
     <span class='ocr_line' id='line_1_75' title="bbox 2954 3378 4513 3465; baseline 0.008 -30"><span class='ocrx_word' id='word_1_543' title='bbox 2954 3378 3212 3464; x_wconf 82' lang='lat' dir='ltr'>quinque</span> <span class='ocrx_word' id='word_1_544' title='bbox 3251 3379 3454 3452; x_wconf 82' lang='lat' dir='ltr'>pedes,</span> <span class='ocrx_word' id='word_1_545' title='bbox 3500 3398 3643 3455; x_wconf 84' lang='lat' dir='ltr'>quae</span> <span class='ocrx_word' id='word_1_546' title='bbox 3694 3385 3886 3443; x_wconf 81' lang='lat' dir='ltr'>eadem</span> <span class='ocrx_word' id='word_1_547' title='bbox 3927 3400 3983 3443; x_wconf 89' lang='lat' dir='ltr'>et</span> <span class='ocrx_word' id='word_1_548' title='bbox 4020 3386 4286 3445; x_wconf 79' lang='lat' dir='ltr'>diameter</span> <span class='ocrx_word' id='word_1_549' title='bbox 4338 3388 4513 3465; x_wconf 81' lang='lat' dir='ltr'>stagni</span> 
     </span>
     <span class='ocr_line' id='line_1_76' title="bbox 2954 3452 4517 3540; baseline 0.009 -32"><span class='ocrx_word' id='word_1_550' title='bbox 2954 3452 3049 3519; x_wconf 86' lang='lat' dir='ltr'>est,</span> <span class='ocrx_word' id='word_1_551' title='bbox 3086 3452 3406 3509; x_wconf 75' lang='lat' dir='ltr'>circumdati</span> <span class='ocrx_word' id='word_1_552' title='bbox 3438 3472 3468 3509; x_wconf 87' lang='lat' dir='ltr'>a</span> <span class='ocrx_word' id='word_1_553' title='bbox 3497 3455 3749 3540; x_wconf 77' lang='lat' dir='ltr'>margine</span> <span class='ocrx_word' id='word_1_554' title='bbox 3813 3460 3975 3517; x_wconf 86' lang='lat' dir='ltr'>edem</span> <span class='ocrx_word' id='word_1_555' title='bbox 4004 3461 4138 3518; x_wconf 79' lang='lat' dir='ltr'>lato.</span> <span class='ocrx_word' id='word_1_556' title='bbox 4174 3464 4349 3520; x_wconf 85' lang='lat' dir='ltr'>Hunc</span> <span class='ocrx_word' id='word_1_557' title='bbox 4375 3481 4517 3521; x_wconf 73' lang='lat' dir='ltr'>nur·</span> 
     </span>
     <span class='ocr_line' id='line_1_77' title="bbox 2951 3526 4513 3601; baseline 0.009 -21"><span class='ocrx_word' id='word_1_558' title='bbox 2951 3526 3180 3600; x_wconf 56' lang='lat' dir='ltr'>finem,</span> <span class='ocrx_word' id='word_1_559' title='bbox 3220 3526 3457 3583; x_wconf 85' lang='lat' dir='ltr'>dimidio</span> <span class='ocrx_word' id='word_1_560' title='bbox 3500 3530 3658 3601; x_wconf 62' lang='lat' dir='ltr'>pedis</span> <span class='ocrx_word' id='word_1_561' title='bbox 3707 3531 3765 3587; x_wconf 91' lang='lat' dir='ltr'>so</span> <span class='ocrx_word' id='word_1_562' title='bbox 3795 3553 3833 3588; x_wconf 92' lang='lat' dir='ltr'>o</span> <span class='ocrx_word' id='word_1_563' title='bbox 3885 3531 4171 3601; x_wconf 85' lang='lat' dir='ltr'>altiorem,</span> <span class='ocrx_word' id='word_1_564' title='bbox 4243 3534 4513 3598; x_wconf 77' lang='lat' dir='ltr'>exteriori</span> 
     </span>
     <span class='ocr_line' id='line_1_78' title="bbox 2947 3599 4511 3678; baseline 0.008 -24"><span class='ocrx_word' id='word_1_565' title='bbox 2947 3615 3103 3675; x_wconf 84' lang='lat' dir='ltr'>parte</span> <span class='ocrx_word' id='word_1_566' title='bbox 3132 3599 3415 3677; x_wconf 85' lang='lat' dir='ltr'>contingit</span> <span class='ocrx_word' id='word_1_567' title='bbox 3434 3600 3740 3678; x_wconf 82' lang='lat' dir='ltr'>suggestum</span> <span class='ocrx_word' id='word_1_568' title='bbox 3776 3604 3996 3674; x_wconf 82' lang='lat' dir='ltr'>faleris,</span> <span class='ocrx_word' id='word_1_569' title='bbox 4038 3624 4101 3664; x_wconf 89' lang='lat' dir='ltr'>vt</span> <span class='ocrx_word' id='word_1_570' title='bbox 4134 3608 4333 3667; x_wconf 83' lang='lat' dir='ltr'>circuli</span> <span class='ocrx_word' id='word_1_571' title='bbox 4364 3608 4511 3667; x_wconf 80' lang='lat' dir='ltr'>circa</span> 
     </span>
     <span class='ocr_line' id='line_1_79' title="bbox 2947 3671 4513 3756; baseline 0.01 -28"><span class='ocrx_word' id='word_1_572' title='bbox 2947 3671 3190 3729; x_wconf 71' lang='lat' dir='ltr'>mensam</span> <span class='ocrx_word' id='word_1_573' title='bbox 3216 3673 3335 3731; x_wconf 82' lang='lat' dir='ltr'>eaui</span> <span class='ocrx_word' id='word_1_574' title='bbox 3377 3673 3645 3733; x_wconf 85' lang='lat' dir='ltr'>diameter</span> <span class='ocrx_word' id='word_1_575' title='bbox 3670 3695 3826 3736; x_wconf 87' lang='lat' dir='ltr'>nunc</span> <span class='ocrx_word' id='word_1_576' title='bbox 3855 3696 4086 3755; x_wconf 88' lang='lat' dir='ltr'>quoque</span> <span class='ocrx_word' id='word_1_577' title='bbox 4123 3680 4324 3756; x_wconf 87' lang='lat' dir='ltr'>septem</span> <span class='ocrx_word' id='word_1_578' title='bbox 4352 3680 4513 3745; x_wconf 72' lang='lat' dir='ltr'>fieret</span> 
     </span>
     <span class='ocr_line' id='line_1_80' title="bbox 2944 3746 4509 3832; baseline 0.01 -32"><span class='ocrx_word' id='word_1_579' title='bbox 2944 3746 3174 3821; x_wconf 85' lang='lat' dir='ltr'>pedum,</span> <span class='ocrx_word' id='word_1_580' title='bbox 3212 3764 3405 3822; x_wconf 81' lang='lat' dir='ltr'>neque</span> <span class='ocrx_word' id='word_1_581' title='bbox 3432 3748 3494 3805; x_wconf 87' lang='lat' dir='ltr'>in</span> <span class='ocrx_word' id='word_1_582' title='bbox 3526 3750 3734 3825; x_wconf 84' lang='lat' dir='ltr'>reliqua</span> <span class='ocrx_word' id='word_1_583' title='bbox 3771 3752 4185 3813; x_wconf 69' lang='lat' dir='ltr'>construstione</span> <span class='ocrx_word' id='word_1_584' title='bbox 4209 3757 4509 3832; x_wconf 83' lang='lat' dir='ltr'>quicquam</span> 
     </span>
     <span class='ocr_line' id='line_1_81' title="bbox 2946 3821 4509 3907; baseline 0.008 -31"><span class='ocrx_word' id='word_1_585' title='bbox 2946 3821 3273 3877; x_wconf 87' lang='lat' dir='ltr'>mutandum</span> <span class='ocrx_word' id='word_1_586' title='bbox 3305 3821 3452 3879; x_wconf 80' lang='lat' dir='ltr'>effet.</span> <span class='ocrx_word' id='word_1_587' title='bbox 3523 3824 3836 3904; x_wconf 79' lang='lat' dir='ltr'>Marginem</span> <span class='ocrx_word' id='word_1_588' title='bbox 3864 3844 4045 3884; x_wconf 88' lang='lat' dir='ltr'>autem</span> <span class='ocrx_word' id='word_1_589' title='bbox 4068 3830 4209 3886; x_wconf 83' lang='lat' dir='ltr'>circa</span> <span class='ocrx_word' id='word_1_590' title='bbox 4233 3831 4509 3907; x_wconf 79' lang='lat' dir='ltr'>stagnum,</span> 
     </span>
     <span class='ocr_line' id='line_1_82' title="bbox 2985 3895 4503 3986; baseline 0.008 -38"><span class='ocrx_word' id='word_1_591' title='bbox 2985 3910 3110 3950; x_wconf 88' lang='lat' dir='ltr'>uem</span> <span class='ocrx_word' id='word_1_592' title='bbox 3129 3912 3233 3967; x_wconf 85' lang='lat' dir='ltr'>pro</span> <span class='ocrx_word' id='word_1_593' title='bbox 3251 3895 3447 3953; x_wconf 87' lang='lat' dir='ltr'>maiori</span> <span class='ocrx_word' id='word_1_594' title='bbox 3472 3898 3657 3955; x_wconf 86' lang='lat' dir='ltr'>mensa</span> <span class='ocrx_word' id='word_1_595' title='bbox 3683 3901 4064 3986; x_wconf 71' lang='lat' dir='ltr'>depresseram,</span> <span class='ocrx_word' id='word_1_596' title='bbox 4092 3902 4185 3960; x_wconf 83' lang='lat' dir='ltr'>hic</span> <span class='ocrx_word' id='word_1_597' title='bbox 4211 3923 4309 3979; x_wconf 90' lang='lat' dir='ltr'>pro</span> <span class='ocrx_word' id='word_1_598' title='bbox 4348 3920 4503 3963; x_wconf 85' lang='lat' dir='ltr'>terea</span> 
     </span>
     <span class='ocr_line' id='line_1_83' title="bbox 2966 3966 4505 4054; baseline 0.008 -31"><span class='ocrx_word' id='word_1_599' title='bbox 2966 3983 3100 4039; x_wconf 87' lang='lat' dir='ltr'>upra</span> <span class='ocrx_word' id='word_1_600' title='bbox 3163 3966 3342 4041; x_wconf 79' lang='lat' dir='ltr'>solum</span> <span class='ocrx_word' id='word_1_601' title='bbox 3388 3969 3638 4038; x_wconf 87' lang='lat' dir='ltr'>eleuaui,</span> <span class='ocrx_word' id='word_1_602' title='bbox 3676 3991 3805 4048; x_wconf 72' lang='lat' dir='ltr'>quta</span> <span class='ocrx_word' id='word_1_603' title='bbox 3856 3975 4074 4031; x_wconf 78' lang='lat' dir='ltr'>necesse</span> <span class='ocrx_word' id='word_1_604' title='bbox 4113 3974 4229 4035; x_wconf 83' lang='lat' dir='ltr'>fuit</span> <span class='ocrx_word' id='word_1_605' title='bbox 4284 3977 4505 4054; x_wconf 76' lang='lat' dir='ltr'>aiquid</span> 
     </span>
     <span class='ocr_line' id='line_1_84' title="bbox 2942 4038 4507 4129; baseline 0.008 -33"><span class='ocrx_word' id='word_1_606' title='bbox 2942 4038 3319 4105; x_wconf 85' lang='lat' dir='ltr'>comminisci,</span> <span class='ocrx_word' id='word_1_607' title='bbox 3363 4058 3479 4114; x_wconf 87' lang='lat' dir='ltr'>quo</span> <span class='ocrx_word' id='word_1_608' title='bbox 3520 4058 3708 4102; x_wconf 82' lang='lat' dir='ltr'>anates</span> <span class='ocrx_word' id='word_1_609' title='bbox 3747 4049 3816 4107; x_wconf 86' lang='lat' dir='ltr'>ab</span> <span class='ocrx_word' id='word_1_610' title='bbox 3857 4047 4064 4124; x_wconf 76' lang='lat' dir='ltr'>egressu</span> <span class='ocrx_word' id='word_1_611' title='bbox 4089 4069 4156 4107; x_wconf 84' lang='lat' dir='ltr'>ex</span> <span class='ocrx_word' id='word_1_612' title='bbox 4190 4051 4401 4129; x_wconf 81' lang='lat' dir='ltr'>stagno,</span> <span class='ocrx_word' id='word_1_613' title='bbox 4439 4068 4507 4109; x_wconf 66' lang='lat' dir='ltr'>et</span> 
     </span>
     <span class='ocr_line' id='line_1_85' title="bbox 2939 4121 4502 4190; baseline 0.01 -22"><span class='ocrx_word' id='word_1_614' title='bbox 2939 4130 3092 4187; x_wconf 86' lang='lat' dir='ltr'>parre</span> <span class='ocrx_word' id='word_1_615' title='bbox 3130 4130 3461 4185; x_wconf 83' lang='lat' dir='ltr'>arcerentur,</span> <span class='ocrx_word' id='word_1_616' title='bbox 3499 4130 3608 4190; x_wconf 88' lang='lat' dir='ltr'>qua</span> <span class='ocrx_word' id='word_1_617' title='bbox 3635 4136 3757 4177; x_wconf 86' lang='lat' dir='ltr'>erat·</span> <span class='ocrx_word' id='word_1_618' title='bbox 3788 4122 3858 4178; x_wconf 91' lang='lat' dir='ltr'>ad</span> <span class='ocrx_word' id='word_1_619' title='bbox 3894 4121 4132 4181; x_wconf 71' lang='lat' dir='ltr'>mensam</span> <span class='ocrx_word' id='word_1_620' title='bbox 4172 4125 4365 4184; x_wconf 83' lang='lat' dir='ltr'>aditus.</span> <span class='ocrx_word' id='word_1_621' title='bbox 4438 4125 4502 4183; x_wconf 79' lang='lat' dir='ltr'>m</span> 
     </span>
     <span class='ocr_line' id='line_1_86' title="bbox 2935 4185 4499 4270; baseline 0.013 -29"><span class='ocrx_word' id='word_1_622' title='bbox 2935 4203 3064 4242; x_wconf 88' lang='lat' dir='ltr'>cum</span> <span class='ocrx_word' id='word_1_623' title='bbox 3104 4185 3166 4242; x_wconf 89' lang='lat' dir='ltr'>in</span> <span class='ocrx_word' id='word_1_624' title='bbox 3217 4185 3414 4244; x_wconf 88' lang='lat' dir='ltr'>maiori</span> <span class='ocrx_word' id='word_1_625' title='bbox 3464 4190 3652 4248; x_wconf 86' lang='lat' dir='ltr'>mensa</span> <span class='ocrx_word' id='word_1_626' title='bbox 3703 4194 3913 4270; x_wconf 79' lang='lat' dir='ltr'>absque</span> <span class='ocrx_word' id='word_1_627' title='bbox 3955 4195 4075 4254; x_wconf 84' lang='lat' dir='ltr'>vllo</span> <span class='ocrx_word' id='word_1_628' title='bbox 4123 4198 4499 4261; x_wconf 82' lang='lat' dir='ltr'>incommodo</span> 
     </span>
    </p>
   </div>
   <div class='ocr_carea' id='block_1_17' title="bbox 2935 4258 4602 4359">
    <p class='ocr_par' dir='ltr' id='par_1_20' title="bbox 2935 4258 4602 4359">
     <span class='ocr_line' id='line_1_87' title="bbox 2935 4258 4602 4359; baseline 0.012 -45"><span class='ocrx_word' id='word_1_629' title='bbox 2935 4258 3073 4315; x_wconf 87' lang='lat' dir='ltr'>effici</span> <span class='ocrx_word' id='word_1_630' title='bbox 3105 4259 3363 4345; x_wconf 45' lang='lat' dir='ltr'>potuerit·</span> <span class='ocrx_word' id='word_1_631' title='bbox 3381 4279 3477 4334; x_wconf 88' lang='lat' dir='ltr'>per</span> <span class='ocrx_word' id='word_1_632' title='bbox 3501 4265 3713 4335; x_wconf 74' lang='lat' dir='ltr'>afferes,</span> <span class='ocrx_word' id='word_1_633' title='bbox 3747 4270 3849 4325; x_wconf 87' lang='lat' dir='ltr'>hac</span> <span class='ocrx_word' id='word_1_634' title='bbox 3877 4287 4108 4359; x_wconf 79' lang='lat' dir='ltr'>quoque</span> <span class='ocrx_word' id='word_1_635' title='bbox 4129 4290 4281 4347; x_wconf 85' lang='lat' dir='ltr'>parte</span> <span class='ocrx_word' id='word_1_636' title='bbox 4307 4273 4374 4331; x_wconf 70' lang='lat' dir='ltr'>ad</span> <span class='ocrx_word' id='word_1_637' title='bbox 4405 4292 4501 4332; x_wconf 74' lang='lat' dir='ltr'>ex·</span> <span class='ocrx_word' id='word_1_638' title='bbox 4593 4328 4602 4337; x_wconf 84' lang='lat'><strong>.</strong></span> 
     </span>
    </p>
   </div>
   <div class='ocr_carea' id='block_1_18' title="bbox 2925 4333 4498 4861">
    <p class='ocr_par' dir='ltr' id='par_1_21' title="bbox 2925 4333 4498 4861">
     <span class='ocr_line' id='line_1_88' title="bbox 2932 4333 4498 4421; baseline 0.01 -31"><span class='ocrx_word' id='word_1_639' title='bbox 2932 4348 3168 4390; x_wconf 87' lang='lat' dir='ltr'>tremum</span> <span class='ocrx_word' id='word_1_640' title='bbox 3196 4333 3458 4408; x_wconf 75' lang='lat' dir='ltr'>marginis</span> <span class='ocrx_word' id='word_1_641' title='bbox 3472 4337 3696 4398; x_wconf 78' lang='lat' dir='ltr'>statutos</span> <span class='ocrx_word' id='word_1_642' title='bbox 3711 4342 3753 4409; x_wconf 66' lang='grc' dir='ltr'>εξ</span> <span class='ocrx_word' id='word_1_643' title='bbox 3770 4340 3833 4398; x_wconf 86' lang='lat' dir='ltr'>in</span> <span class='ocrx_word' id='word_1_644' title='bbox 3848 4342 3950 4399; x_wconf 79' lang='lat' dir='ltr'>hac</span> <span class='ocrx_word' id='word_1_645' title='bbox 3964 4364 4080 4402; x_wconf 83' lang='lat' dir='ltr'>mm</span> <span class='ocrx_word' id='word_1_646' title='bbox 4089 4347 4171 4404; x_wconf 90' lang='lat' dir='ltr'>ori</span> <span class='ocrx_word' id='word_1_647' title='bbox 4200 4366 4295 4420; x_wconf 82' lang='lat' dir='ltr'>per</span> <span class='ocrx_word' id='word_1_648' title='bbox 4319 4347 4339 4404; x_wconf 87' lang='lat' dir='ltr'>i</span> <span class='ocrx_word' id='word_1_649' title='bbox 4342 4346 4498 4421; x_wconf 84' lang='lat' dir='ltr'>psum</span> 
     </span>
     <span class='ocr_line' id='line_1_89' title="bbox 2933 4407 4498 4495; baseline 0.012 -33"><span class='ocrx_word' id='word_1_650' title='bbox 2933 4407 3241 4482; x_wconf 82' lang='lat' dir='ltr'>marginem</span> <span class='ocrx_word' id='word_1_651' title='bbox 3270 4407 3423 4464; x_wconf 82' lang='lat' dir='ltr'>intus</span> <span class='ocrx_word' id='word_1_652' title='bbox 3453 4411 3520 4468; x_wconf 87' lang='lat' dir='ltr'>ad</span> <span class='ocrx_word' id='word_1_653' title='bbox 3548 4413 4012 4487; x_wconf 81' lang='lat' dir='ltr'>perpendiculum</span> <span class='ocrx_word' id='word_1_654' title='bbox 4038 4420 4318 4478; x_wconf 84' lang='lat' dir='ltr'>eleuatum</span> <span class='ocrx_word' id='word_1_655' title='bbox 4344 4439 4498 4495; x_wconf 83' lang='lat' dir='ltr'>prae-</span> 
     </span>
     <span class='ocr_line' id='line_1_90' title="bbox 2929 4476 4496 4565; baseline 0.01 -30"><span class='ocrx_word' id='word_1_656' title='bbox 2929 4476 3065 4535; x_wconf 82' lang='lat' dir='ltr'>stare</span> <span class='ocrx_word' id='word_1_657' title='bbox 3121 4477 3237 4536; x_wconf 88' lang='lat' dir='ltr'>sum</span> <span class='ocrx_word' id='word_1_658' title='bbox 3290 4499 3552 4552; x_wconf 83' lang='lat' dir='ltr'>conatus,</span> <span class='ocrx_word' id='word_1_659' title='bbox 3591 4505 3754 4565; x_wconf 81' lang='lat' dir='ltr'>quem</span> <span class='ocrx_word' id='word_1_660' title='bbox 3790 4506 3920 4545; x_wconf 85' lang='lat' dir='ltr'>anas</span> <span class='ocrx_word' id='word_1_661' title='bbox 3956 4491 4020 4549; x_wconf 87' lang='lat' dir='ltr'>in</span> <span class='ocrx_word' id='word_1_662' title='bbox 4117 4493 4373 4554; x_wconf 84' lang='lat' dir='ltr'>rofundo</span> <span class='ocrx_word' id='word_1_663' title='bbox 4400 4512 4496 4551; x_wconf 84' lang='lat' dir='ltr'>na-</span> 
     </span>
     <span class='ocr_line' id='line_1_91' title="bbox 2929 4552 4496 4643; baseline 0.013 -35"><span class='ocrx_word' id='word_1_664' title='bbox 2929 4569 3073 4619; x_wconf 85' lang='lat' dir='ltr'>tans,</span> <span class='ocrx_word' id='word_1_665' title='bbox 3107 4552 3361 4627; x_wconf 85' lang='lat' dir='ltr'>superare</span> <span class='ocrx_word' id='word_1_666' title='bbox 3388 4575 3511 4616; x_wconf 89' lang='lat' dir='ltr'>non</span> <span class='ocrx_word' id='word_1_667' title='bbox 3541 4560 3693 4634; x_wconf 78' lang='lat' dir='ltr'>poffe</span> <span class='ocrx_word' id='word_1_668' title='bbox 3718 4558 3968 4629; x_wconf 75' lang='lat' dir='ltr'>videtur-3</span> <span class='ocrx_word' id='word_1_669' title='bbox 4011 4585 4072 4624; x_wconf 85' lang='lat' dir='ltr'>re</span> <span class='ocrx_word' id='word_1_670' title='bbox 4094 4565 4214 4624; x_wconf 66' lang='lat' dir='ltr'>istis</span> <span class='ocrx_word' id='word_1_671' title='bbox 4243 4568 4496 4643; x_wconf 52' lang='lat' dir='ltr'>viia&#39;pet</span> 
     </span>
     <span class='ocr_line' id='line_1_92' title="bbox 2927 4626 4495 4757; baseline 0.013 -77"><span class='ocrx_word' id='word_1_672' title='bbox 2927 4644 3064 4757; x_wconf 53' lang='lat' dir='ltr'>m</span> <span class='ocrx_word' id='word_1_673' title='bbox 3099 4646 3162 4683; x_wconf 86' lang='lat' dir='ltr'>ex</span> <span class='ocrx_word' id='word_1_674' title='bbox 3185 4626 3405 4713; x_wconf 68' lang='lat' dir='ltr'>stabulis</span> <span class='ocrx_word' id='word_1_675' title='bbox 3428 4632 3505 4716; x_wconf 64' lang='lat' dir='ltr'>ad</span> <span class='ocrx_word' id='word_1_676' title='bbox 3529 4650 3722 4709; x_wconf 85' lang='lat' dir='ltr'>aquam</span> <span class='ocrx_word' id='word_1_677' title='bbox 3746 4634 4037 4696; x_wconf 73' lang='lat' dir='ltr'>descensus</span> <span class='ocrx_word' id='word_1_678' title='bbox 4066 4658 4289 4715; x_wconf 87' lang='lat' dir='ltr'>pateret.</span> <span class='ocrx_word' id='word_1_679' title='bbox 4304 4644 4370 4700; x_wconf 80' lang='lat' dir='ltr'>ln</span> <span class='ocrx_word' id='word_1_680' title='bbox 4397 4662 4495 4699; x_wconf 83' lang='lat' dir='ltr'>eo-</span> 
     </span>
     <span class='ocr_line' id='line_1_93' title="bbox 2936 4706 4492 4788; baseline 0.012 -31"><span class='ocrx_word' id='word_1_681' title='bbox 2936 4758 2943 4765; x_wconf 75' lang='lat'>,</span> <span class='ocrx_word' id='word_1_682' title='bbox 3087 4717 3340 4788; x_wconf 59' lang='lat' dir='ltr'>margine</span> <span class='ocrx_word' id='word_1_683' title='bbox 3366 4706 3613 4788; x_wconf 66' lang='lat' dir='ltr'>numstro</span> <span class='ocrx_word' id='word_1_684' title='bbox 3639 4707 3856 4767; x_wconf 84' lang='lat' dir='ltr'>mensae</span> <span class='ocrx_word' id='word_1_685' title='bbox 3886 4712 4492 4785; x_wconf 62' lang='lat' dir='ltr'>locumdestinauizin</span> 
     </span>
     <span class='ocr_line' id='line_1_94' title="bbox 2925 4775 4495 4861; baseline 0.013 -32"><span class='ocrx_word' id='word_1_686' title='bbox 2925 4791 3042 4847; x_wconf 88' lang='lat' dir='ltr'>quo</span> <span class='ocrx_word' id='word_1_687' title='bbox 3076 4789 3149 4836; x_wconf 77' lang='lat' dir='ltr'>et,</span> <span class='ocrx_word' id='word_1_688' title='bbox 3190 4775 3409 4833; x_wconf 69' lang='lat' dir='ltr'>culcitis</span> <span class='ocrx_word' id='word_1_689' title='bbox 3435 4778 3702 4847; x_wconf 73' lang='lat' dir='ltr'>remotis,</span> <span class='ocrx_word' id='word_1_690' title='bbox 3742 4780 3884 4841; x_wconf 82' lang='lat' dir='ltr'>circa</span> <span class='ocrx_word' id='word_1_691' title='bbox 3908 4784 4153 4855; x_wconf 82' lang='lat' dir='ltr'>mensam</span> <span class='ocrx_word' id='word_1_692' title='bbox 4176 4789 4495 4861; x_wconf 72' lang='lat' dir='ltr'>cirmmire,</span> 
     </span>
    </p>
   </div>
   <div class='ocr_carea' id='block_1_19' title="bbox 3412 4914 3419 4923">
    <p class='ocr_par' dir='ltr' id='par_1_22' title="bbox 3412 4914 3419 4923">
     <span class='ocr_line' id='line_1_95' title="bbox 3412 4914 3419 4923; baseline 0 0"><span class='ocrx_word' id='word_1_693' title='bbox 3412 4914 3419 4923; x_wconf 81' lang='grc' dir='ltr'>ι</span> 
     </span>
    </p>
   </div>
   <div class='ocr_carea' id='block_1_20' title="bbox 1269 4838 4494 4951">
    <p class='ocr_par' dir='ltr' id='par_1_23' title="bbox 1269 4838 4494 4951">
     <span class='ocr_line' id='line_1_96' title="bbox 1269 4838 4494 4951; baseline 0.006 -46"><span class='ocrx_word' id='word_1_694' title='bbox 1269 4838 1491 4905; x_wconf 69' lang='lat' dir='ltr'>melinis</span> <span class='ocrx_word' id='word_1_695' title='bbox 1529 4846 1906 4914; x_wconf 83' lang='lat' dir='ltr'>vocabulum,</span> <span class='ocrx_word' id='word_1_696' title='bbox 1956 4845 2111 4921; x_wconf 89' lang='lat' dir='ltr'>quod</span> <span class='ocrx_word' id='word_1_697' title='bbox 2150 4844 2621 4917; x_wconf 83' lang='lat' dir='ltr'>semidiametrum</span> <span class='ocrx_word' id='word_1_698' title='bbox 2676 4863 2850 4921; x_wconf 86' lang='lat' dir='ltr'>aeque</span> <span class='ocrx_word' id='word_1_699' title='bbox 2926 4863 2986 4903; x_wconf 91' lang='lat' dir='ltr'>et</span> <span class='ocrx_word' id='word_1_700' title='bbox 3010 4846 3069 4903; x_wconf 88' lang='lat' dir='ltr'>in</span> <span class='ocrx_word' id='word_1_701' title='bbox 3099 4846 3281 4917; x_wconf 84' lang='lat' dir='ltr'>faleti,</span> <span class='ocrx_word' id='word_1_702' title='bbox 3312 4858 3578 4926; x_wconf 70' lang='lat' dir='ltr'>tanquam</span> <span class='ocrx_word' id='word_1_703' title='bbox 3605 4853 3669 4911; x_wconf 89' lang='lat' dir='ltr'>in</span> <span class='ocrx_word' id='word_1_704' title='bbox 3699 4854 3946 4929; x_wconf 81' lang='lat' dir='ltr'>scamno,</span> <span class='ocrx_word' id='word_1_705' title='bbox 3985 4860 4223 4932; x_wconf 75' lang='lat' dir='ltr'>affidare,</span> <span class='ocrx_word' id='word_1_706' title='bbox 4262 4864 4362 4938; x_wconf 85' lang='lat' dir='ltr'>qui</span> <span class='ocrx_word' id='word_1_707' title='bbox 4387 4883 4494 4951; x_wconf 73' lang='lat' dir='ltr'>vq-</span> 
     </span>
    </p>
   </div>
   <div class='ocr_carea' id='block_1_21' title="bbox 1274 4914 2552 4988">
    <p class='ocr_par' dir='ltr' id='par_1_24' title="bbox 1274 4914 2552 4988">
     <span class='ocr_line' id='line_1_97' title="bbox 1274 4914 2552 4988; baseline -0.002 -10"><span class='ocrx_word' id='word_1_708' title='bbox 1274 4914 1549 4978; x_wconf 62' lang='lat' dir='ltr'>denotare</span> <span class='ocrx_word' id='word_1_709' title='bbox 1573 4918 1721 4988; x_wconf 84' lang='lat' dir='ltr'>posse</span> <span class='ocrx_word' id='word_1_710' title='bbox 1756 4916 1937 4975; x_wconf 83' lang='lat' dir='ltr'>visum</span> <span class='ocrx_word' id='word_1_711' title='bbox 1966 4918 2044 4977; x_wconf 88' lang='lat' dir='ltr'>est</span> <span class='ocrx_word' id='word_1_712' title='bbox 2053 4957 2074 4987; x_wconf 84' lang='lat'><em>‚</em></span> <span class='ocrx_word' id='word_1_713' title='bbox 2113 4937 2179 4975; x_wconf 89' lang='lat' dir='ltr'>ac</span> <span class='ocrx_word' id='word_1_714' title='bbox 2204 4918 2552 4987; x_wconf 81' lang='lat' dir='ltr'>diametrum,</span> 
     </span>
    </p>
   </div>
   <div class='ocr_carea' id='block_1_22' title="bbox 2630 4919 4492 5012">
    <p class='ocr_par' dir='ltr' id='par_1_25' title="bbox 2630 4919 4492 5012">
     <span class='ocr_line' id='line_1_98' title="bbox 2630 4919 4492 5012; baseline 0.01 -37"><span class='ocrx_word' id='word_1_715' title='bbox 2630 4936 2706 4975; x_wconf 92' lang='lat' dir='ltr'>uo</span> <span class='ocrx_word' id='word_1_716' title='bbox 2739 4938 2851 4976; x_wconf 82' lang='lat' dir='ltr'>ma-</span> <span class='ocrx_word' id='word_1_717' title='bbox 2923 4919 3119 4977; x_wconf 89' lang='lat' dir='ltr'>lebant</span> <span class='ocrx_word' id='word_1_718' title='bbox 3154 4938 3429 5006; x_wconf 85' lang='lat' dir='ltr'>poterant.</span> <span class='ocrx_word' id='word_1_719' title='bbox 3497 4925 3871 4987; x_wconf 84' lang='lat' dir='ltr'>Altitudinem</span> <span class='ocrx_word' id='word_1_720' title='bbox 3898 4932 4132 5001; x_wconf 88' lang='lat' dir='ltr'>mensae,</span> <span class='ocrx_word' id='word_1_721' title='bbox 4159 4936 4231 4993; x_wconf 87' lang='lat' dir='ltr'>de</span> <span class='ocrx_word' id='word_1_722' title='bbox 4266 4955 4374 5012; x_wconf 85' lang='lat' dir='ltr'>qua</span> <span class='ocrx_word' id='word_1_723' title='bbox 4399 4956 4492 4996; x_wconf 74' lang='lat' dir='ltr'>m-</span> 
     </span>
    </p>
   </div>
   <div class='ocr_carea' id='block_1_23' title="bbox 1273 4988 4489 5087">
    <p class='ocr_par' dir='ltr' id='par_1_26' title="bbox 1273 4988 4489 5087">
     <span class='ocr_line' id='line_1_99' title="bbox 1273 4988 4489 5087; baseline 0.007 -39"><span class='ocrx_word' id='word_1_724' title='bbox 1273 4989 1367 5053; x_wconf 84' lang='grc' dir='ltr'><strong>ἰοι·</strong></span> <span class='ocrx_word' id='word_1_725' title='bbox 1389 4988 1580 5064; x_wconf 78' lang='lat' dir='ltr'>potius</span> <span class='ocrx_word' id='word_1_726' title='bbox 1617 5007 1783 5062; x_wconf 87' lang='lat' dir='ltr'>quam</span> <span class='ocrx_word' id='word_1_727' title='bbox 1807 4991 1994 5050; x_wconf 82' lang='lat' dir='ltr'>minor</span> <span class='ocrx_word' id='word_1_728' title='bbox 2027 4991 2180 5050; x_wconf 86' lang='lat' dir='ltr'>foret</span> <span class='ocrx_word' id='word_1_729' title='bbox 2226 4990 2444 5056; x_wconf 89' lang='lat' dir='ltr'>mensa,</span> <span class='ocrx_word' id='word_1_730' title='bbox 2484 4992 2556 5049; x_wconf 84' lang='lat' dir='ltr'>de</span> <span class='ocrx_word' id='word_1_731' title='bbox 2619 4990 2848 5049; x_wconf 86' lang='lat' dir='ltr'>emidia-</span> <span class='ocrx_word' id='word_1_732' title='bbox 2918 4992 3006 5049; x_wconf 87' lang='lat' dir='ltr'>hil</span> <span class='ocrx_word' id='word_1_733' title='bbox 3037 5011 3169 5051; x_wconf 77' lang='lat' dir='ltr'>certi</span> <span class='ocrx_word' id='word_1_734' title='bbox 3196 4996 3401 5063; x_wconf 85' lang='lat' dir='ltr'>habeo,</span> <span class='ocrx_word' id='word_1_735' title='bbox 3438 4998 3524 5059; x_wconf 86' lang='lat' dir='ltr'>illi</span> <span class='ocrx_word' id='word_1_736' title='bbox 3550 4997 3853 5071; x_wconf 77' lang='lat' dir='ltr'>definient,</span> <span class='ocrx_word' id='word_1_737' title='bbox 3891 5007 4093 5083; x_wconf 73' lang='lat' dir='ltr'>quibus</span> <span class='ocrx_word' id='word_1_738' title='bbox 4134 5009 4489 5087; x_wconf 79' lang='lat' dir='ltr'>frequentior</span> 
     </span>
    </p>
   </div>
   <div class='ocr_carea' id='block_1_24' title="bbox 1268 5061 3874 5144">
    <p class='ocr_par' dir='ltr' id='par_1_27' title="bbox 1268 5061 3874 5144">
     <span class='ocr_line' id='line_1_100' title="bbox 1268 5061 3874 5144; baseline 0.004 -18"><span class='ocrx_word' id='word_1_739' title='bbox 1268 5076 1466 5127; x_wconf 61' lang='lat' dir='ltr'>&#39;retro‘</span> <span class='ocrx_word' id='word_1_740' title='bbox 1475 5061 1892 5140; x_wconf 65' lang='lat' dir='ltr'>interpreatur.</span> <span class='ocrx_word' id='word_1_741' title='bbox 1964 5066 2037 5126; x_wconf 85' lang='lat' dir='ltr'>In</span> <span class='ocrx_word' id='word_1_742' title='bbox 2065 5083 2180 5144; x_wconf 83' lang='lat' dir='ltr'>quo</span> <span class='ocrx_word' id='word_1_743' title='bbox 2209 5063 2254 5127; x_wconf 77' lang='lat' dir='ltr'>fi</span> <span class='ocrx_word' id='word_1_744' title='bbox 2279 5064 2458 5126; x_wconf 81' lang='lat' dir='ltr'>erraui</span> <span class='ocrx_word' id='word_1_745' title='bbox 2477 5101 2500 5135; x_wconf 84' lang='lat'>‚</span> <span class='ocrx_word' id='word_1_746' title='bbox 2538 5063 2687 5144; x_wconf 77' lang='lat' dir='ltr'>iique</span> <span class='ocrx_word' id='word_1_747' title='bbox 2726 5064 2847 5126; x_wconf 85' lang='lat' dir='ltr'>lati-</span> <span class='ocrx_word' id='word_1_748' title='bbox 2922 5065 3002 5127; x_wconf 83' lang='lat' dir='ltr'>est</span> <span class='ocrx_word' id='word_1_749' title='bbox 3029 5086 3159 5128; x_wconf 84' lang='lat' dir='ltr'>eum</span> <span class='ocrx_word' id='word_1_750' title='bbox 3184 5074 3467 5134; x_wconf 71' lang='lat' dir='ltr'>veteribus</span> <span class='ocrx_word' id='word_1_751' title='bbox 3503 5073 3874 5137; x_wconf 79' lang='lat' dir='ltr'>conuersatio.</span> 
     </span>
    </p>
   </div>
   <div class='ocr_carea' id='block_1_25' title="bbox 4052 5138 4549 5263">
    <p class='ocr_par' dir='ltr' id='par_1_28' title="bbox 4052 5138 4549 5263">
     <span class='ocr_line' id='line_1_101' title="bbox 4052 5138 4549 5263; baseline -0.008 -41"><span class='ocrx_word' id='word_1_752' title='bbox 4052 5180 4061 5188; x_wconf 92' lang='lat'><strong>·</strong></span> <span class='ocrx_word' id='word_1_753' title='bbox 4140 5156 4483 5263; x_wconf 49' lang='lat' dir='ltr'>ssfantium</span> <span class='ocrx_word' id='word_1_754' title='bbox 4530 5138 4549 5157; x_wconf 54' lang='grc'><em>“</em></span> 
     </span>
    </p>
   </div>
  </div>
 </body>
</html>
