4942 6167
1342 461 1440 543 86
1819 416 1832 423 ’
1911 486 1916 491 -
2111 448 2737 522 PALLADII
2798 398 3044 522 1113.
3107 452 3238 524 1v.
3336 453 3585 525 Τῑτ.
3639 408 3801 526 x.''

1340 638 1455 714 dio
1487 636 1845 729 obruatur,
1889 660 2060 739 quae
2095 635 2340 710 habeat
2377 626 2609 708 arenas
2646 660 2859 809 vsqgie
2891 634 2973 708 ad
3015 623 3347 725 inedium,
3401 652 3473 711 et
3511 637 3687 710 mala
3727 640 3887 713 cum
3927 635 4275 713 tenacibus
4314 630 4490 717 leste

1335 745 1816 843 imprimantur
1844 743 2071 813 cannis
2098 737 2407 834 singulis,
2458 737 2571 810 vol
2615 738 2749 809 sam
2800 738 2910 808 uci
2951 740 3262 833 virgulis,
3308 756 3381 810 et
3427 742 3522 812 ita
3581 741 3876 840 separata
3912 744 3985 813 in
4025 744 4243 815 arenis
4286 740 4492 835 figan-

1336 859 1483 932 tur,
1536 860 1613 916 vt
1637 844 1774 943 ipsa
1805 858 2098 942 quatuor
2127 842 2349 933 digitis
2385 841 2731 912 emineant
2757 837 2839 910 ab
2867 864 3082 939 arena.
3116 862 3135 873 “
3185 846 3349 912 Hoc
3378 857 3451 912 et
3478 839 3596 914 sub
3638 838 3821 914 testo
3875 846 3946 914 in
3987 841 4229 915 scrobe
4265 842 4494 944 [bipe-

1329 944 1554 1019 danea
1578 945 1645 1041 ²]
1680 943 1827 1016 fieri
1853 940 2105 1041 potest,
2153 958 2224 1015 et
2250 941 2475 1014 vtilius
2506 936 2602 1011 est
2629 938 2713 1011 ad
2735 936 3171 1037 seruandum,
3220 939 3266 1013 fi
3298 966 3457 1013 cum
3490 939 3535 997 θ’
3565 967 3753 1041 ramo
3801 944 4117 1037 longiore
4144 944 4509 1018 tollanturi
4596 959 4603 963 ’

1245 1048 1591 1120 10Aliter:
1645 1050 1726 1116 In
1767 1040 1997 1117 seriola
2022 1047 2133 1114 cui
2156 1042 2238 1114 ad
2267 1041 2574 1113 medium
2602 1066 2773 1141 aqua
2810 1044 3151 1131 mittatur,
3203 1042 3700 1142 suspenduntur
3729 1045 3929 1132 mala,
3981 1073 4069 1118 ne
4125 1046 4496 1119 humorem

1335 1162 1622 1240 tangant
1651 1158 1713 1234 ⁰,
1762 1161 1833 1216 et
1875 1146 2037 1218 seria
2081 1143 2444 1229 clauditur,
2510 1168 2598 1213 ne
2640 1161 2883 1213 ventus
2923 1147 3252 1243 irrumpat
3278 1141 3327 1215 ό.
3423 1148 3602 1233 item
3640 1149 3711 1221 in
3754 1145 3939 1218 dolio
3983 1150 4160 1218 intra
4194 1145 4493 1219 'ordeum

1335 1246 1429 1322 sse
1470 1247 1896 1334 ordinantur,
1959 1247 2175 1339 nese
2232 1247 2530 1315 inuicem
2590 1260 2899 1336 tangant:
2963 1252 3119 1336 [et]
3172 1244 3433 1316 dolium
3477 1247 3766 1346 desuper
3810 1249 4136 1344 operitur.
4232 1250 4495 1319 Vinum
4540 1292 4557 1298 —

1336 1349 1426 1422 de
1456 1349 1642 1421 maiis
1673 1350 1963 1441 granatis
1994 1346 2312 1418 conficies
2342 1347 2480 1416 hoc
2509 1344 2756 1417 modo:
2814 1347 3041 1417 Grana
3068 1362 3329 1418 matura
3357 1365 3643 1445 purgata
3666 1347 4028 1443 diligenter
4058 1352 4130 1420 in
4171 1348 4436 1446 palmea
4464 1358 4501 1394 ⁰

1337 1450 1584 1525 fiscella
1614 1452 1844 1536 mittis,
1906 1453 2049 1539 [et]
2078 1451 2150 1518 in
2181 1438 2463 1518 cochlea
2490 1448 2825 1546 exprimiS,
2879 1463 2950 1517 et
2978 1446 3162 1520 lente
3202 1472 3453 1545 coques
3485 1451 3693 1546 vsque
3721 1449 3804 1520 ad
3833 1448 4303 1521 medietatem:
4331 1475 4494 1526 cum

1338 1548 1723 1637 refrixeritf,
1754 1552 1990 1650 picatis
2025 1564 2096 1645 et
2123 1550 2415 1647 gypsatis
2443 1548 2725 1620 vasculis
2756 1547 3046 1620 claudes.
3141 1550 3370 1647 Aliqui
3399 1562 3431 1610 ⁸
3458 1550 3736 1621 succum
3761 1575 3904 1622 non
3938 1566 4349 1649 excoquunt,
4377 1549 4492 1624 sed

1339 1638 1616 1745 singulis
1647 1653 1938 1724 sextariis
1988 1649 2185 1722 libras
2217 1648 2437 1720 mellis
2470 1647 2760 1742 singulas
2794 1650 3097 1735 miscent,
3143 1665 3214 1722 et
3241 1654 3311 1720 in
3341 1646 3696 1749 praediffis
3730 1648 3762 1694 ¹¹
3803 1652 4080 1725 vasculis
4109 1668 4388 1751 ponunt
4420 1665 4507 1727 et·
4612 1712 4619 1715 -

1235 1769 1320 1821 11
1344 1752 1750 1827 custodiunt.
1847 1778 1965 1825 ME
1987 1781 2033 1825 n
2054 1779 2151 1823 sn
2199 1755 2453 1822 Martio
2486 1752 2636 1820 citri
2667 1746 2867 1820 arbor
2895 1765 3186 1846 quatuor
3213 1747 3227 1795 ἱ
3271 1751 3491 1823 modis
3520 1753 3788 1839 seritur,
3830 1754 4114 1839 semine,
4144 1778 4367 1841 rame,
4394 1768 4488 1825 ta·

1338 1858 1448 1929 lea
1483 1850 1550 1943 k,
1599 1854 1787 1926 claua
1804 1909 1820 1924 .
1863 1867 2044 1924 amat
2087 1870 2338 1924 terram
2368 1854 2634 1923 rarioris
2666 1866 2942 1921 naturae
2961 1907 2978 1940 ,
3024 1853 3287 1924 caelum
3336 1852 3629 1924 calidum
3655 1908 3672 1939 ,
3726 1852 4232 1953 humoremque
4274 1855 4491 1926 conti·

1340 1953 1641 2032 nuum'¹.
1724 1952 1771 2025 fi
1828 1957 2048 2047 granis
2088 1954 2248 2025 velis
2291 1953 2542 2039 serere,
2605 1954 2698 2022 ita
2740 1950 2976 2023 facies:
3014 1966 3288 2024 -terram
3315 1956 3385 2024 in
3428 1953 3600 2025 duos
3629 1953 3839 2054 pedes
3879 1954 4132 2044 fodies,
4188 1957 4495 2029 cinerem

1339 2050 1646 2132 miscebis
1666 2113 1682 2144 ‚
1725 2055 1973 2127 breues
1998 2080 2177 2127 areas
2214 2054 2450 2140 facies,
2503 2067 2579 2123 vt
2606 2056 2935 2150 -vtrinque
2962 2078 3089 2151 per
3129 2055 3390 2126 canales
3434 2081 3607 2151 aqua
3648 2054 3982 2129 discurrat.
4052 2060 4124 2128 in
4168 2057 4275 2128 his
4319 2059 4490 2129 areis

1337 2160 1714 2260 palmarem
1739 2169 1790 2202 ¹¹¹
1817 2154 2124 2229 scrobem
2156 2155 2466 2226 manibus
2495 2156 2775 2251 aperieS,
2803 2169 2874 2225 et
2906 2157 3033 2225 tria
3061 2178 3268 2247 grana
3293 2169 3325 2201 ¹¹
3352 2154 3670 2229 deorsum
3696 2158 3886 2230 verso
3922 2160 4234 2231 acumine
4264 2152 4495 2232 inusta

1344 2258 1744 2345 constitues,
1809 2274 1882 2327 et
1923 2255 2166 2327 obruta
2205 2255 2510 2353 quotidie
2562 2254 2825 2344 rigaU's.
2924 2256 3120 2326 citius
3164 2257 3584 2355 procedent,
3630 2255 3696 2328 'fi
3749 2256 4084 2334 beneficio
4138 2286 4349 2357 aquae
4388 2274 4493 2332 te-

1241 2363 1566 2462 12‘pentis
1631 2361 1850 2429 vtaris.
1953 2359 2156 2427 Natis
2190 2366 2222 2400 0
2268 2350 2686 2449 germinibus
2727 2355 2995 2454 semper
3031 2360 3340 2455 proxima
3377 2357 3586 2431 herba
3638 2377 3979 2434 runcetur.
4079 2359 4300 2433 Potest
4328 2361 4501 2432 hinc

1341 2466 1543 2534 trima
1580 2460 1809 2559 planta
1867 2458 2228 2528 transferri.
2381 2460 2451 2527 Si
2508 2481 2775 2528 ramum
2810 2458 2983 2545 'velis
3029 2484 3327 2555 ponere,
3404 2488 3545 2533 non
3595 2463 3886 2561 amplius
3946 2462 4337 2562 sesquipede
4375 2459 4492 2532 de-

1342 2562 1537 2636 bebis
1565 2563 1994 2650 immergere,
2045 2583 2133 2628 ne
2162 2559 2516 2656 putrescat.
2615 2558 2820 2629 Claua
2840 2571 2868 2617 P
2901 2558 3024 2630 seri
3048 2558 3479 2633 commodius
3513 2559 3623 2648 est,
3673 2588 3844 2660 quae
3871 2561 3953 2633 fit
3982 2562 4494 2635 manubriicras·

1342 2661 1631 2737 fitu‘dine
1663 2672 1715 2749 q,
1771 2659 2203 2751 longitudine
2231 2656 2525 2745 cubitali,
2572 2684 2653 2729 ex
2686 2676 2965 2757 vtraque
3001 2677 3196 2760 parte
3224 2663 3545 2754 lenigata,
3599 2662 3795 2734 nodis
3841 2679 3912 2736 et
3964 2664 4209 2736 aculeis
4250 2658 4492 2752 recisis,

1345 2765 1459 2837 sed
1489 2767 1752 2854 integra
1787 2761 2169 2833 summitate
2199 2785 2643 2853 gemmarum,
2693 2787 2821 2860 per
2866 2787 3027 2859 quas
3068 2763 3217 2861 spes
3255 2761 3469 2834 futuri
3497 2767 3818 2855 germinis
3855 2768 4275 2838 intumescat.
4376 2766 4494 2836 Di-

1244 2895 1322 2960 13
1347 2866 1743 2958 ligentiores
1778 2877 1850 2931 et
1883 2859 2045 2932 fimo
2089 2858 2348 2934 bubulo
2382 2861 2695 2932 adlinunt
2727 2863 3074 2961 vtrinque,
3123 2863 3310 2960 quod
3349 2864 3689 2936 summum
3723 2863 3848 2953 est,
3898 2867 4007 2939 vel
4049 2870 4304 2939 marina
4346 2867 4494 2960 alga

1344 2963 1658 3050 vestiunt,
1702 2963 1814 3034 vel
1842 2963 2074 3054 argilla
2098 2959 2393 3048 subasta,
2442 2966 2648 3061 partis
2678 2967 3028 3060 Vtriusque
3056 2980 3355 3036 extrema
3398 2970 3839 3064 cooperiunt,
3888 2981 4095 3067 atque
4132 2972 4227 3040 ita
4264 2971 4334 3038 in
4373 2994 4492 3068 pa·

1342 3065 1584 3139 stinato
1616 3065 1758 3138 solo
1789 3062 2165 3162 deponunt.
2269 3064 2484 3135 Talea
2537 3079 2610 3135 et
2649 3065 2958 3156 gracilior
2989 3078 3060 3137 et
3103 3064 3379 3139 breuior
3410 3063 3540 3138 effe
3572 3066 3828 3165 potest3
3881 3094 4053 3167 quae
4090 3066 4394 3141 similiter
4417 3083 4494 3141 vt

1345 3168 1535 3241 claua
1563 3181 1932 3258 mergetur.
1977 3165 2094 3237 sed
2132 3165 2307 3237 talea
2347 3166 2592 3264 palmis
2623 3163 2892 3236 duobus
2933 3163 3244 3264 superfit:
3320 3168 3506 3238 claua
3549 3171 3770 3241 omnis
3805 3168 4131 3243 obruitur.
4179 3170 4252 3242 in
4275 3172 4490 3269 spatio

1241 3295 1487 3368 14non
1527 3265 1853 3340 desiderat
1895 3268 2250 3338 interualla
2286 3270 2554 3338 maiora.
2603 3267 2742 3337 aliis
2788 3264 3137 3339 arboribus
3182 3293 3325 3339 non
3373 3267 3577 3339 debet
3620 3266 3904 3344 anneffi.
4011 3271 4256 3345 Calidis
4299 3272 4484 3360 locis,

1344 3369 1459 3445 sed
1488 3372 1788 3462 irriguiS,
1842 3382 1913 3439 et
1940 3370 2288 3440 maritimis
2319 3371 2609 3439 maxime
2637 3366 2904 3458 gaudet,
2955 3366 3199 3465 quibus
3238 3369 3493 3441 humor
3521 3371 3832 3444 exundat.
3930 3371 4064 3444 Sed
4092 3370 4141 3444 fi
4173 3376 4318 3472 quis
4350 3372 4493 3446 hoe

1201 3472 1212 3481 ’
1305 3472 1582 3567 genus,
1629 3485 1703 3543 vt
1733 3473 1803 3541 in
1835 3470 2120 3563 regione
2145 3469 2387 3564 frigida
2423 3471 2776 3555 nutriatur,
2830 3483 3225 3566 extorquet,
3274 3471 3429 3543 loco
3467 3471 3576 3543 vel
3615 3462 3982 3572 parietibus
4027 3478 4330 3561 munite,
4376 3474 4488 3547 vel

1337 3578 1409 3646 in
1441 3572 1876 3645 meridianam
1902 3587 2170 3670 partem
2196 3572 2384 3643 verso
2414 3568 2725 3669 disponat
2758 3569 2935 3641 hanc
2962 3568 3291 3642 arborem.
3342 3570 3456 3645 sed
3486 3572 3785 3646 hibernis
3817 3572 4157 3647 mensibus
4189 3572 4488 3648 teaumt

1337 3673 1652 3748 stramine
1679 3673 1860 3746 velet
1885 3670 2155 3767 agresti:
2207 3671 2322 3745 vbi
2362 3669 2566 3745 aestas
2594 3670 2951 3755 refulserit,
2999 3676 3135 3743 aeri
3163 3673 3362 3745 arbor
3390 3673 3573 3745 nuda
3613 3689 3686 3747 et
3709 3676 3940 3747 secura
3964 3676 4300 3749 reddatur.
4351 3682 4486 3749 Ta-

1237 3808 1317 3878 15
1341 3776 1448 3847 lea
1476 3774 1616 3847 siue
1645 3774 1835 3846 claua
1864 3777 2010 3845 eius
2057 3772 2451 3844 calidissimis
2497 3770 2893 3862 regionibus
2918 3824 2936 3856 ,
2986 3785 3059 3840 et
3095 3796 3220 3867 per
3249 3788 3654 3844 autumnum
3690 3779 4010 3873 ponitur:
4062 3776 4487 3871 frigidissimis
4524 3848 4529 3853 ,

1339 3876 1512 3949 Iulio
1549 3890 1621 3947 et
1633 3871 1942 3966 Augusto
1972 3870 2241 3970 pofitas,
2289 3887 2360 3942 et
2383 3868 2791 3967 quotidianis
2831 3868 3275 3961 rigationibus
3310 3877 3649 3964 animatas»,
3677 3877 3820 3975 ipse
3848 3878 4052 3979 vsque
4077 3879 4162 3952 ad
4176 3906 4388 3982 poma
4413 3894 4487 3953 ct

1679 4006 1684 4013 ·
4239 4009 4350 4055 ma
4447 4011 4486 4056 a

1550 4083 1605 4158 a)
1642 4084 1786 4160 be'pee
1808 4103 1924 4141 om.
1943 4083 2003 4139 E.
2049 4155 2062 4169 .
2106 4081 2170 4152 b)
2196 4099 2299 4171 soon
2329 4083 2425 4140 Cr.
2542 4078 2599 4152 c)
2625 4097 2693 4147 n!
2718 4078 2935 4138 humore
2959 4094 3262 4156 tangantur
3287 4086 3350 4143 E.
3369 4083 3534 4142 reste.
3648 4087 3709 4160 d)
3733 4103 3978 4166 erumpat
3994 4092 4084 4150 Or.
4159 4007 4485 4171 ἠριῠηξῗω

1322 4162 1380 4238 f
1395 4161 1578 4219 cellam
1613 4161 1704 4217 Cr.
1817 4158 1850 4215 f
1859 4163 1882 4230 )
1913 4156 2238 4231 refregueret
2279 4158 2340 4212 E.
2363 4173 2428 4213 vt
2450 4152 2623 4229 supra.
2666 4173 2797 4211 mox
2847 4156 2996 4211 reste
3028 4157 3246 4212 claudis.
3373 4160 3434 4234 g)
3477 4161 3667 4235 Aliqui
3687 4197 3787 4211 —-
3813 4160 4113 4241 custodiunt
4144 4188 4255 4225 om.
4283 4171 4349 4227 P.
4386 4170 4487 4226 nli}

1400 4254 1542 4293 ccum
1565 4235 1626 4291 E.
1665 4274 1670 4285 .
1695 4232 1758 4305 h)
1777 4230 2051 4308 praediffo
2079 4229 2206 4304 vase
2229 4229 2525 4305 custodiunt
2558 4228 2736 4300 ‚Luget
2754 4231 2801 4283 J.
2824 4230 2888 4284 B.
2908 4231 2974 4285 R.
2995 4230 3087 4285 Cr.
3132 4245 3187 4286 ee
3209 4230 3268 4285 fn
3290 4233 3569 4308 praediave
3590 4233 3807 4309 vastata
3836 4241 3898 4295 Ε.
3974 4240 4021 4310 i)
4037 4242 4219 4298 multis
4229 4245 4394 4317 lugd.
4414 4247 4481 4302 Ε.

1339 4310 1405 4397 k)
1439 4309 1583 4364 talea
1605 4307 1760 4361 claua
1784 4323 1896 4361 om.
1913 4306 1976 4362 P.
2079 4303 2124 4372 l)
2150 4322 2249 4378 que
2271 4325 2386 4361 om.
2410 4304 2469 4358 E.
2582 4310 2665 4368 m)
2687 4303 2985 4376 palmarem
3013 4323 3124 4361 om.
3140 4307 3208 4363 P.
3332 4306 3398 4376 n)
3420 4324 3629 4379 genera
3641 4312 3708 4366 P.
3820 4312 3884 4383 o)
3914 4308 4484 4389 Natis—transser-

1337 4402 1392 4439 η
1419 4401 1536 4438 om.
1565 4383 1628 4436 P.
1739 4379 1797 4451 p)
1839 4377 2055 4435 cubam
2081 4380 2176 4463 fr.
2220 4395 2280 4435 ct
2322 4379 2395 4434 ita
2422 4375 2634 4449 semper
2663 4375 2830 4432 Cleua
2853 4410 2955 4422 -—
2973 4377 3041 4433 ad
3072 4378 3125 4453 s.
3153 4386 3216 4436 16
3242 4398 3358 4436 om.
3380 4382 3442 4438 P.
3484 4383 3650 4445 Claeba
3686 4381 3793 4457 (fic
3818 4384 4069 4461 semper)
4106 4388 4485 4465 ficommodius

1328 4453 1522 4536 potqss.
1553 4455 1614 4512 Β.
1723 4452 1786 4527 q)
1804 4444 2156 4525 groffitndme
2171 4452 2264 4508 Cr.
2337 4456 2388 4523 r)
2410 4448 2606 4507 tedam
2646 4466 2803 4507 omn.
2830 4467 3000 4525 praet.
3034 4452 3203 4525 Lugd.
3255 4467 3269 4481 ·

1419 4632 1517 4680 ιο,
1560 4631 1631 4672 ιο
1683 4620 1956 4670 INTRA
2032 4618 2304 4670 ORDEV
2317 4610 2424 4681 M)
2465 4606 2520 4667 ἐν
2559 4608 2697 4682 ene&
2750 4615 2868 4668 cleu
2950 4609 3145 4667 ciffum
3175 4608 3302 4678 esse,
3342 4611 3577 4687 quaein
3617 4615 3940 4692 vulgaribus
3965 4619 4180 4697 linguis
4217 4624 4393 4684 hodic
4422 4626 4479 4685 id

1338 4688 1597 4763 Beryti&
1631 4687 1669 4744 ι.
1699 4705 1749 4747 c·
1881 4718 1887 4725 ,
2501 4753 2514 4766 ·
2573 4754 2587 4769 ‘
2902 4722 2927 4735 ,
2951 4703 3163 4742 nomen
3196 4686 3383 4751 habet,
3417 4704 3494 4741 vn
3520 4687 3832 4747 Citronm‘er
3854 4709 3962 4751 etc.
3990 4697 4132 4754 adde
4160 4716 4303 4774 quae
4328 4699 4483 4759 dice-

1421 4778 1606 4827 10,11
1681 4768 1953 4817 cvra!
2023 4755 2869 4825 ARBOR)C1t1-1nominc
2950 4758 3349 4816 musads16.
4418 4778 4427 4783 “
4508 4804 4516 4817 =

1336 4836 1480 4895 duae
1510 4833 1751 4891 veniunt
1774 4834 2015 4897 arbores,
2052 4831 2225 4887 malus
2256 4829 2490 4894 medica,
2529 4844 2585 4885 ct
2627 4829 2770 4894 θύον,
2802 4849 2869 4887 ex
3026 4850 3115 4900 ιο,
3158 4828 3223 4889 ιά
3263 4843 3361 4890 CL
3382 4844 3539 4895 AVA
3586 4848 3765 4896 stu!
3792 4837 3815 4908 )
3854 4839 3958 4895 ma
4002 4841 4038 4898 s
4182 4847 4284 4905 ndi
4312 4848 4476 4918 ratio,

1336 4927 1446 4985 qua
1481 4906 1696 4963 mensae
1722 4907 1924 4963 citreae
1950 4901 2176 4962 fiebant.
2254 4898 2541 4962 Salmasius
2569 4903 2640 4959 de
2670 4904 2871 4960 homo-
2958 4923 3123 4980 quam
3162 4907 3228 4964 in
3268 4908 3593 4968 crescentio
3630 4910 3985 4980 notauimus,
4018 4932 4059 4968 v
4132 4932 4155 4972 t
4187 4920 4221 4973 b
4258 4940 4501 4992 pennu-—

1338 4980 1529 5057 “ymis
1561 4979 1721 5055 hyles
1753 4979 1985 5036 ianime
2009 4995 2059 5034 c,
2082 4986 2189 5048 ⁶73
2230 4979 2484 5035 nodaeus
2528 4993 2558 5029 a
2582 4977 2766 5051 stapel
2800 4978 2870 5034 ad
2958 4980 3102 5045 tatis,
3149 4999 3273 5037 non
3312 4997 3531 5041 tantum
3574 4983 3796 5056 optimis
3825 4985 4143 5061 quibusque
4177 4994 4473 5053 codicibus

1338 5055 1631 5126 Theophr.
1663 5052 1780 5109 hist.
1807 5053 1982 5127 plant.
2017 5072 2072 5122 4,
2103 5073 2136 5123 4
2163 5071 2218 5126 p.
2242 5067 2365 5126 337.
2412 5058 2868 5109 scHot-:TTG-
2954 5053 3246 5111 familiaris
3290 5058 3392 5122 est,
3431 5057 3522 5112 sed
3561 5055 3698 5112 inde
3734 5055 4072 5117 diminutum
4111 5064 4318 5120 clabula
4350 5084 4475 5125 tan·
4501 5076 4517 5089 ‘

1336 5129 1463 5189 add.
1494 5127 1786 5193 Needham
1825 5128 1896 5186 ad
1933 5128 2120 5204 Geop.
2172 5130 2317 5197 10‚·7
2355 5143 2456 5185 no·
2481 5140 2546 5190 σς
2580 5123 2678 5185 vbi
2702 5124 2871 5185 docet
2954 5144 3120 5209 quam
3148 5147 3261 5188 vox
3297 5129 3593 5221 peculiaris
3631 5146 3702 5189 ex
3740 5130 3945 5196 Nonio
3976 5133 4212 5197 refertur
4248 5139 4314 5197 in
4351 5140 4472 5197 the-

4311 5210 4547 5297 sture*
4656 5272 4667 5279 ,
