4942 6167
801 217 898 244 'Nu'
1313 223 1350 238 x·-

1214 371 1544 450 ARTIS
1584 329 2416 508 νΕΤΕιέῙΝΑΚζΆΕ
2460 377 2695 458 mvi:
2742 382 3062 458 MvLo
3099 385 3203 459 M.
3631 410 3773 488 247

634 561 944 667 palatum
971 556 1158 636 ferro
1187 564 1449 663 aperire
1474 575 1551 636 vt
1573 557 1872 662 profluat
1893 563 2191 658 sanguis,
2239 569 2349 639 cui
2376 594 2625 643 eruum
2653 566 2796 645 fine
2824 579 3015 650 corio
3046 567 3461 650 maceratum
3490 573 3575 649 ad
3602 581 3787 651 man-J

535 699 574 716 ··
637 664 1030 741 ducandum
1062 662 1280 754 dabis,
1334 663 1756 763 viridemque
1779 664 2100 740 frondem
2121 668 2235 742 vel
2261 669 2621 768 quodlibet
2664 674 2847 748 aliud
2882 678 3095 751 molle
3130 676 3459 779 pabulum
3492 679 3666 751 'dum
3696 679 3785 751 sa·

640 786 865 843 netur.
969 769 1037 839 Si
1060 770 1133 839 in
1161 763 1486 867 operibus
1516 778 1540 811 ¹
1578 765 1970 840 contuderit
1997 769 2285 859 collum,
2313 772 2940 872 praestantiffimum
2963 780 3347 853 remedium
3373 774 3485 867 est,
3517 780 3780 872 sanguis
3800 805 3889 854 22

639 869 724 945 ab
766 894 927 943 aure
965 864 1255 941 emifl‘us.
1354 873 1453 940 At
1487 863 1536 938 fi
1577 867 1647 939 id
1691 882 1922 942 totum
1951 882 1973 914 ⁸
2011 873 2086 942 in
2126 883 2444 970 tempore
2528 902 2655 947 uae
2693 896 2974 952 vocatur
3004 885 3208 954 amati
3245 885 3607 954 amaticum
3652 882 3782 953 sale

634 986 904 1048 tantum
927 985 1000 1043 et
1028 966 1370 1068 imposito.
1472 954 1542 1040 Si
1566 972 1789 1042 ceruix
1817 986 2008 1043 mota
2033 989 2106 1043 et
2130 970 2426 1047 deiestat
2456 901 2569 1064 eit,
2597 976 3165 1064 considerabimus
3192 987 3265 1055 in
3295 996 3548 1081 quamu
3579 982 3780 1054 decli·
3801 977 3881 1062 23

636 1089 788 1161 net,
837 1088 912 1146 et
937 1099 1018 1145 ex
1044 1069 1308 1145 diuersa
1329 1085 1520 1168 parte
1548 1069 1944 1164 sanguinem
1973 1072 2393 1148 detrahimus
2423 1085 2477 1165 ’,ι
2527 1103 2606 1150 ex
2638 1105 2717 1150 ea
2743 1107 2948 1170 vena,
2997 1109 3171 1183 quae
3203 1088 3275 1156 in
3313 1111 3474 1156 aure
3513 1085 3781 1156 videtur
3894 1117 3899 1124 ·

635 1170 1063 1274 ampliffima,
1111 1197 1286 1272 quae
1313 1172 1650 1245 sarmento
1679 1184 1712 1233 Y
1753 1176 1939 1271 prius
1967 1171 2383 1249 verberanda
2410 1175 2539 1266 est,
2570 1193 2643 1251 et
2666 1206 2827 1255 cum
2853 1187 3287 1270 intumuerit,
3316 1185 3499 1257 ferro
3528 1187 3782 1283 aperia-

634 1291 779 1365 tur,
825 1271 1182 1375 effusoque
1205 1275 1528 1367 sanguine
1569 1271 1844 1373 postero
1887 1273 1997 1347 die
2039 1301 2120 1347 ex
2158 1302 2244 1349 eo
2291 1278 2448 1352 loco
2485 1284 2825 1357 emittitur
2862 1310 3094 1375 cruor,
3157 1302 3229 1359 et
3269 1285 3478 1358 biduo
3522 1288 3779 1358 vacatio

641 1379 867 1478 operis
898 1377 1111 1451 datur.
1213 1378 1461 1452 Tertio
1494 1399 1657 1447 vero
1695 1374 1804 1447 die
1831 1375 2001 1449 leuis
2029 1378 2409 1471 iniungitur
2432 1378 2650 1469 labor,
2681 1400 2755 1457 et
2779 1387 3105 1483 paulatim
3135 1388 3218 1460 ad
3247 1390 3473 1488 operis
3501 1389 3779 1459 consue·
3801 1395 3886 1464 24

635 1478 953 1556 tudinem
975 1492 1356 1550 reuocatur.
1450 1474 1664 1558 Quod
1691 1471 1739 1546 fi
1759 1480 1986 1549 ceruix
2014 1481 2086 1550 in
2114 1495 2426 1554 neutram
2454 1501 2722 1582 partem
2749 1485 3004 1561 deiesta
3036 1487 3162 1580 est,
3214 1488 3572 1585 mediaque
3599 1492 3779 1559 intu-

637 1584 849 1669 muit,
903 1605 986 1651 ex
1008 1595 1292 1678 vtraque
1319 1576 1614 1650 auricula
1641 1578 1907 1671 sanguis
1936 1582 2291 1659 emittitur.
2392 1587 2534 1666 Qui
2562 1582 2608 1656 fi
2639 1589 2819 1660 inter
2850 1599 2881 1634 ²
2931 1589 3268 1677 triduum,
3314 1589 3502 1688 quod
3530 1587 3655 1660 bos
3686 1591 3781 1660 vi-

639 1686 818 1757 tium
843 1684 1180 1781 coeperit,
1209 1675 1476 1754 emiffus
1508 1705 1652 1751 non
1681 1676 1808 1767 est,
1839 1681 2228 1754 intumescit
2253 1684 2543 1773 collum,
2595 1693 2928 1788 neruique
2957 1691 3369 1779 tenduntur,
3413 1707 3485 1763 et
3506 1694 3601 1766 ita
3628 1704 3783 1762 nata
3858 1773 3886 1783 q

642 1784 920 1859 durities
947 1786 1191 1876 iugum
1212 1806 1358 1855 non
1415 1783 1661 1853 'atitun
1755 1779 1916 1853 Tali
1958 1784 2123 1856 vitio
2167 1790 2626 1884 comperimus
2667 1806 2908 1891 aptum
2951 1789 3083 1866 effe
3133 1793 3708 1867 medicamentum
3737 1804 3782 1879 ²,
3803 1803 3890 1871 25

641 1912 723 1964 ex
747 1889 906 1987 pice
929 1882 1181 1984 liquida
1204 1898 1278 1956 et
1298 1881 1394 1956 bu
1441 1882 1556 1955 ula
1580 1881 1908 1972 medulla,
1960 1883 2227 1958 hircino
2259 1886 2441 1986 sepe,
2490 1905 2562 1962 et
2585 1896 2872 1985 axungia
2900 1897 3134 1981 veteri,
3184 1895 3342 1967 oleo
3368 1918 3645 1992 quoque
3674 1919 3787 1966 ve·

642 1991 772 2062 teri
797 1990 1025 2086 aequis
1055 1984 1476 2085 ponderibus
1504 1981 1900 2083 impositum
1929 1978 1961 2030 ¹²
2002 1991 2475 2085 concoquitur,
2506 2018 2648 2089 quo
2678 1995 3011 2067 vtendum
3045 1995 3139 2068 est
3167 2019 3328 2068 cum
3357 1993 3484 2066 bos
3508 1993 3588 2067 ab
3620 2019 3785 2092 ope·

643 2116 722 2164 re
748 2089 1172 2183 disiungitur.
1225 2102 1300 2160 et
1325 2089 1399 2158 in
1442 2088 1695 2185 piscina
1733 2087 1806 2156 in
1850 2083 2159 2183 quolibet
2187 2102 2212 2131 0
2253 2103 2529 2162 tumore
2560 2088 2591 2135 ‘¹
2631 2097 2857 2166 ceruix
2899 2097 3193 2183 lauatur‚
3240 2095 3785 2193 confricaturque
3874 2149 3879 2154 -
3958 2121 3965 2126 ·

644 2191 1004 2286 diligenter
1034 2183 1378 2289 praedisto
1401 2185 1941 2274 medicamentO,
1993 2186 2387 2287 detersaque
2417 2190 2715 2266 diluitur.
2802 2197 2887 2288 §i
2919 2223 2999 2268 ex
3043 2211 3198 2269 toto
3238 2213 3527 2296 propter
3556 2211 3784 2268 tumo-
3800 2210 3887 2277 26

640 2319 792 2369 rem
821 2294 1102 2366 ceruicis
1128 2294 1374 2384 iugum
1399 2289 1675 2375 necusat,
1697 2290 1930 2387 paucis
1959 2286 2196 2362 diebus
2223 2294 2491 2389 requies
2521 2292 2603 2365 ab
2630 2320 2842 2395 opere
2870 2296 3089 2370 danda
3115 2296 3231 2385 est,
3269 2314 3342 2370 et
3367 2301 3594 2369 ceruix
3621 2322 3785 2372 cum

643 2422 815 2495 aqua
839 2392 1082 2489 frigida
1109 2390 1419 2478 lauanda,
1468 2405 1541 2462 et
1568 2391 1804 2490 spuma
1828 2393 2095 2483 argenti
2118 2391 2418 2465 linienda
2448 2391 2561 2466 est.
2669 2398 2898 2471 Celsus
2940 2398 3216 2496 quidem
3248 2404 3544 2472 tumenti
3574 2413 3599 2442 ⁶
3632 2425 3784 2488 ,cer-

642 2500 776 2573 vici
804 2496 1086 2570 herbam
1118 2521 1288 2594 quae
1310 2507 1596 2568 vocatur
1622 2494 1771 2564 auia
1798 2487 1823 2534 f
1848 2493 1948 2580 (vt
1970 2492 2167 2592 supra
2193 2504 2224 2553 ⁸
2264 2493 2423 2589 dixi)
2451 2498 2785 2571 contundi
2814 2515 2889 2573 et
2912 2503 3180 2602 imponi
3206 2501 3414 2576 iubet.
3520 2506 3716 2584 Quae
3749 2497 3782 2544 ¹¹
3878 2559 3893 2565 -

645 2594 1331 2674 ceruicem-infestant
1372 2597 1598 2668 minor
1639 2590 1736 2665 est
1775 2618 1951 2665 cura.
2054 2599 2242 2668 Nam
2281 2594 2477 2670 facile
2524 2598 2837 2674 sanantur
2878 2627 3002 2700 per
3041 2602 3395 2676 ardentem
3433 2603 3785 2675 lucernam

646 2703 801 2776 oleo
827 2698 1162 2774 instillato.
1223 2697 1477 2770 Melius
1509 2713 1740 2770 tamen
1771 2690 1867 2766 est
1883 2693 2229 2771 ‘custodire
2252 2723 2342 2770 ne
2376 2701 2729 2774 nascantur
2763 2728 2976 2778 venae
3008 2697 3042 2775 ἱ.
3101 2708 3321 2776 Etiam
3364 2702 3541 2776 colla
3565 2703 3886 2802 calue-‚27

643 2805 867 2892 scunt,
921 2829 1092 2903 quae
1122 2826 1264 2874 non
1293 2800 1485 2872 aliter
1514 2796 1742 2890 glabra
1768 2794 1947 2870 fiunt
1975 2795 2095 2869 nifi
2120 2823 2280 2872 cum
2313 2799 2556 2875 sudore
2585 2820 2702 2875 aut
2749 2805 2987 2901 pluuia
3015 2808 3241 2877 ceruix
3282 2802 3649 2878 madefafiia
3688 2801 3785 2875 est
3879 2797 3888 2806 ’

640 2909 970 3005 inopere.
1041 2902 1287 2987 ‚Quod
1309 2898 1359 2974 fi
1390 2899 1736 2987 acciderit,
1783 2898 2072 2998 puluere
2114 2900 2404 2976 lateritio
2437 2906 2602 2977 trito
2643 2906 3032 3004 priusquam
3068 2905 3477 3000 deiungatur
3501 2904 3537 2995 ¹·,
3583 2905 3782 2982 bouis

642 3007 818 3081 cont
839 3007 1202 3106 conspergi
1230 3017 1526 3103 oportet.
1626 3006 1722 3073 Et
1741 3026 1899 3074 cum
1926 2997 2225 3075 exsiccati
2256 3015 2306 3048 ¹¹²
2348 3003 2639 3093 fuerint,
2685 3007 2926 3079 exinde
2956 3021 2986 3053 ¹¹
3035 3008 3188 3080 oleo
3218 3011 3467 3080 iterum
3494 3006 3780 3080 infundi.
3798 3034 3880 3108 23

643 3114 714 3183 Si
740 3122 772 3156 ⁰
817 3111 1035 3182 talum
1057 3104 1525 3200 vel-vngulam
1550 3129 1791 3176 vomer
1816 3102 2109 3192 laeserit,
2162 3107 2388 3208 picem
2427 3105 2665 3179 duram
2693 3122 2765 3180 et
2790 3112 3146 3203 axungiam
3175 3133 3335 3182 cum
3362 3109 3686 3209 sulphure
3712 3123 3785 3181 et
3838 3139 3843 3144 ·

643 3213 794 3285 lana
821 3209 1083 3285 succida
1108 3208 1451 3282 inuoluito
1468 3261 1485 3292 ,
1532 3220 1604 3277 et
1628 3203 1963 3277 candente
1993 3201 2174 3277 ferro
2205 3206 2402 3305 supra
2424 3207 2671 3280 vulnus
2698 3209 3074 3306 imponito,
3118 3227 3189 3282 et
3212 3214 3451 3304 vngito
3485 3222 3550 3281 P:
3596 3208 3785 3308 quod

642 3313 1024 3386 remedium
1059 3313 1401 3414 optimum
1429 3307 1620 3394 facit,
1669 3303 1717 3377 fi
1764 3305 2036 3378 clauum
2078 3307 2466 3396 calcauerit,
2530 3324 2647 3380 aut
2685 3327 2879 3382 acuta
2913 3308 3079 3382 testa
3113 3313 3222 3383 vel
3265 3310 3488 3411 lapide
3531 3311 3789 3404 vngula
3854 3341 3859 3346 ·

643 3414 1116 3516 pertunditur:
1161 3438 1334 3511 quae
1361 3427 1594 3482 tamen
1634 3404 1679 3480 fi
1709 3407 1906 3480 altius
1936 3408 2282 3480 vulnerata
2307 3407 2434 3496 est,
2486 3410 2683 3482 latius
2710 3409 2895 3484 ferro
2937 3412 3481 3502 circumciditur,
3499 3423 3535 3473 ‘1
3568 3416 3664 3484 ita
3686 3414 3787 3484 in-

641 3521 855 3592 vritur
878 3533 953 3590 vt
978 3516 1173 3615 supra
1199 3514 1535 3613 praecepi.
1587 3511 1608 3538 '³
1638 3508 1907 3582 Deinde
1939 3510 2197 3608 spartea
2222 3522 2245 3554 f
2290 3510 2580 3581 calceata
2609 3535 2734 3609 per
2767 3511 3069 3583 triduum
3099 3528 3293 3584 aceto
3326 3508 3574 3585 suffuso
3602 3538 3789 3586 cm‘a-

593 3651 598 3656 ·
639 3634 772 3693 tur.
872 3614 1150 3701 Quodfi
1179 3640 1418 3688 vomer
1445 3613 1799 3688 intrauerit
1831 3623 1870 3699 ⁸,
1927 3606 2184 3700 lastuca
2209 3615 2497 3702 marina,
2550 3638 2755 3711 quam
2792 3614 3035 3688 Graeci
3084 3613 3427 3711 cyniolam
3459 3622 3480 3657 ‘
3520 3627 3784 3702 vocant,
3798 3641 3883 3709 29

642 3720 940 3796 admixto
980 3719 1111 3793 sale
1151 3720 1550 3817 imponitur.
1649 3722 1653 3726 ’
1696 3710 1980 3785 Subtriti
2016 3717 2219 3786 etiam
2260 3712 2470 3814 pedes
2514 3714 2844 3786 eluuntur
2870 3709 3186 3786 calefasta
3225 3712 3554 3788 bubulina
3576 3719 3783 3788 vriua.
3816 3731 3821 3734 ’

639 3821 912 3898 Deinde
939 3821 1236 3894 fauillam
1262 3832 1296 3865 ¹¹
1315 3821 1834 3908 ,sarmentorum
1861 3813 2250 3902 sementem
2271 3816 2535 3898 'calcare
2563 3815 3021 3915 compellitur,
3063 3832 3134 3888 et
3164 3818 3318 3915 pice
3347 3816 3600 3914 liquida
3626 3840 3789 3888 cum

541 3997 558 4026 ι
644 3925 805 3998 oleo
833 3924 941 3998 vel
971 3925 1257 4015 axungia
1287 3937 1545 3993 cornua
1571 3920 1714 3990 eius
1740 3930 2108 4010 vnguntur.
2206 3922 2444 3990 Minus
2476 3933 2705 3991 tamen
2735 3917 3141 4004 claudicant,
3189 3915 3237 3988 fi
3271 3916 3353 3990 ab
3402 3942 3615 4017 opere
3658 3918 3786 3989 dis·

643 4021 887 4100 iunffls
918 4023 1159 4118 frigida
1187 4022 1396 4121 pedes
1432 4023 1781 4106 lauentur,
1824 4034 1897 4090 et
1922 4015 2320 4111 suffragines
2347 4045 2778 4119 coronaeque
2818 4044 2895 4091 ac
2940 4015 3199 4093 scissura
3229 4016 3433 4117 ipsius
3473 4019 3787 4112 vngulae,
3900 4079 3907 4086 „
4034 4055 4047 4062 κ

647 4130 862 4214 veteri
884 4128 1171 4219 axungia
1196 4122 1629 4196 defricentur.
1727 4128 1787 4200 F
1786 4137 2156 4298 requenter
2173 4136 2199 4166 ¹
2231 4124 2434 4194 etiam
2459 4122 2570 4194 vel
2599 4120 2680 4194 ab
2709 4122 3061 4219 asperitate
3088 4123 3365 4209 itineriS,
3392 4122 3501 4194 vel
3528 4126 3600 4193 in
3629 4147 3884 4242 pro-30
3987 4107 4019 4148 ³

645 4227 1014 4305 scindendo
1040 4227 1358 4301 duritiam
1392 4238 1422 4286 Y
1469 4225 1625 4316 soli,
1677 4239 1793 4298 aut
1823 4250 1864 4297 o
1916 4225 2040 4297 uiis
2067 4221 2404 4297 radicibus
2445 4221 2889 4298 obuolutatus
2927 4223 3261 4298 conuellit
3287 4247 3528 4296 armos.
3594 4222 3785 4322 quod

3618 4348 3783 4396 cum
3884 4401 3903 4412 ‚

565 4429 576 4440 ’
644 4432 746 4491 bar
767 4429 1002 4487 circiter.
1078 4429 1132 4500 r)
1159 4443 1311 4505 opere
1334 4427 1424 4484 bos
1457 4427 1738 4502 eleganter
1760 4427 2175 4555 M0‘f‘m'²²‘
2260 4445 2377 4483 om.
2410 4426 2464 4482 S.
2482 4425 2564 4481 M.
2620 4423 2904 4481 clauorum
2926 4424 3021 4500 qui
3042 4444 3184 4483 cer-u.
3216 4426 3411 4503 Mox-g:
3445 4441 3509 4480 ex
3552 4424 3779 4481 Colum.

643 4509 693 4574 s)
710 4503 825 4562 vid.
839 4505 1025 4582 Morg.
1037 4505 1077 4561 l.
1093 4524 1141 4561 c.
1160 4520 1216 4560 et
1229 4499 1460 4561 Ponted.
1476 4502 1542 4557 ad
1575 4502 1797 4558 Colum.
1811 4501 1863 4556 h.
1903 4541 1915 4555 .
2002 4499 2047 4572 t)
2072 4500 2175 4556 eie·
2257 4500 2304 4568 i)
2333 4517 2463 4555 neue
2489 4498 2653 4553 etiam
2679 4493 2809 4555 coac
2832 4497 3146 4575 caluestant.
3172 4499 3249 4568 id.
3335 4502 3379 4567 l)
3402 4498 3787 4570 disiungantur

639 4577 726 4638 &a
751 4580 938 4636 noster
954 4596 1111 4648 ²24¹,
1127 4595 1181 4648 1,
1258 4579 1321 4649 u)
1334 4574 1662 4653 partemins.
1679 4577 1934 4652 Morgag.
1953 4577 2065 4642 111,
2086 4590 2171 4649 23.
2254 4574 2622 4650 bouesddorg.
2639 4574 2732 4632 Le.
2805 4561 3097 4646 πώλει-ιη’
3121 4574 3286 4632 idem.
3360 4591 3400 4628 n
3412 4593 3427 4636 )
3430 4569 3656 4646 subinde
3673 4572 3781 4626 oleo

639 4654 700 4723 x)
731 4653 1068 4710 detrahemus
1087 4652 1260 4711 idem.
1360 4655 1426 4724 y)
1445 4646 1522 4704 -fic
1553 4650 1605 4705 S.
1638 4651 1724 4708 M.
1759 4667 1814 4708 et
1843 4668 1907 4707 ex
1944 4649 2169 4707 Colum.
2252 4646 2360 4718 inf.
2376 4648 2548 4705 idem,
2623 4649 2687 4718 o)
2712 4648 2938 4706 Colum.
2952 4654 3009 4715 6,
3027 4666 3109 4717 ις.
3186 4651 3249 4722 p)
3278 4664 3377 4704 vre
3398 4646 3553 4706 San.
3577 4644 3782 4701 inurit·

639 4726 1119 4803 Morg.saercocata
1142 4726 1246 4784 rel.
1315 4725 1380 4795 2)
1406 4723 1556 4782 forte
1580 4722 1748 4779 intra.
1822 4728 1878 4793 a)
1901 4725 2047 4800 quod
2064 4721 2168 4780 ins.
2255 4725 2440 4799 Μαι-ς.
2459 4723 2568 4787 ΙΙΙ,
2587 4729 2676 4780 26.
2752 4723 2815 4796 q)
2838 4721 3011 4782 etins·
3029 4724 3219 4798 Morg.
3298 4742 3323 4778 r
3329 4735 3345 4788 J
3373 4717 3443 4776 fic
3473 4739 3536 4776 ex
3552 4721 3781 4778 Colum.

637 4802 952 4879 Morgdll,
969 4819 1059 4873 24.
1102 4799 1162 4871 b)
1186 4796 1400 4876 compos.
1413 4796 1528 4852 inco
1563 4798 1924 4874 u.Morg.l.c.
1982 4802 2036 4871 c)
2062 4815 2171 4874 qua
2254 4798 2507 4874 Morgag,
2524 4809 2764 4872 exparte
2795 4797 2921 4853 edd.
2997 4802 3051 4868 s)
3077 4814 3199 4851 crus
3218 4794 3587 4852 vubnerauerit
3613 4785 3667 4850 S.
3697 4793 3781 4852 M.

637 4873 773 4931 bibit
789 4877 844 4932 S.
863 4876 947 4933 M.
989 4867 1210 4932 Colum.
1229 4875 1481 4950 Morgag.
1498 4813 1605 4936 131,
1621 4885 1711 4940 24.
1786 4872 1822 4927 d
1866 4886 2171 4929 tumor-cer·
2252 4892 2319 4931 ex
2347 4873 2574 4929 Colum.
2602 4872 2787 4947 Morg.
2872 4873 2919 4938 t)
2945 4865 3298 4955 tit-hymnum
3324 4867 3520 4954 iidem.
3601 4872 3665 4939 u)
3680 4867 3787 4939 sa-

636 4946 1048 5025 victlrMorgaex
1064 4948 1287 5008 Colum.
1371 4955 1426 5016 e)
1455 4944 1528 5002 fic
1550 4945 1604 4999 S.
1627 4944 1709 5000 M.
1743 4944 1828 4999 Co
1854 4950 2166 5034 um.Morg.
2251 4943 2384 5004 viHae
2407 4945 2671 5017 fervente
2715 4942 2840 5001 edd.
2897 4942 3194 5004 nobiscum
3237 4959 3379 5000 ratio
3427 4960 3483 5001 et
3529 4944 3782 5016 Morgag.

636 5022 850 5092 III,25.
876 5022 1184 5081 iumente'al.
1259 5003 1320 5096 ὁ
1344 5020 1616 5079 aemaES.
1656 5034 1827 5074 auena
1841 5019 1893 5074 S.
1915 5020 2001 5075 M.
2041 5038 2169 5074 aum
2249 5022 2363 5086 ΙΙΙ,
2382 5037 2468 5087 27.
2542 5020 2601 5090 x)
2631 5018 2851 5074 Colum.
2869 5024 2923 5086 6,
2954 5023 3034 5074 16.
3109 5016 3170 5092 y)
3195 5015 3405 5078 duritia
3430 5044 3528 5060 --
3553 5014 3785 5074 chasela-

639 5095 965 5177 Col.Morg.
994 5097 1031 5154 Ι.
1053 5115 1100 5154 c.
1209 5099 1270 5174 g)
1295 5096 1337 5159 s.
1365 5114 1458 5160 22·
1573 5094 1652 5190 h).
1668 5108 1805 5171 quoe
1828 5118 1926 5134 —-
1947 5090 2170 5166 infundi
2249 5107 2339 5154 tus
2368 5111 2435 5151 ex
2461 5092 2689 5152 Colum.
2714 5092 2905 5172 Mox-g.
2931 5094 3041 5166 III,
3054 5111 3146 5170 29.

2690 5231 2723 5239 .-

3530 5163 3593 5238 2)
3621 5155 3790 5222 debe<
