<?xml version="1.0" encoding="UTF-8"?>
<!DOCTYPE html PUBLIC "-//W3C//DTD XHTML 1.0 Transitional//EN"
    "http://www.w3.org/TR/xhtml1/DTD/xhtml1-transitional.dtd">
<html xmlns="http://www.w3.org/1999/xhtml" xml:lang="en" lang="en">
 <head>
  <title>
</title>
<meta http-equiv="Content-Type" content="text/html;charset=utf-8" />
  <meta name='ocr-system' content='tesseract 3.04.00' />
  <meta name='ocr-capabilities' content='ocr_page ocr_carea ocr_par ocr_line ocrx_word'/>
</head>
<body>
  <div class='ocr_page' id='page_1' title='image "./scriptoresreiru00ernegoog/scriptoresreiru00ernegoog_0455.png"; bbox 0 0 4942 6167; ppageno 0'>
   <div class='ocr_carea' id='block_1_1' title="bbox 1122 412 3637 533">
    <p class='ocr_par' dir='ltr' id='par_1_1' title="bbox 1122 412 3637 533">
     <span class='ocr_line' id='line_1_1' title="bbox 1122 412 3637 533; baseline 0.006 -43"><span class='ocrx_word' id='word_1_1' title='bbox 1122 417 1176 490; x_wconf 86' lang='lat'><strong>1.</strong></span> <span class='ocrx_word' id='word_1_2' title='bbox 1221 416 1293 493; x_wconf 85' lang='lat' dir='ltr'><strong>B.</strong></span> <span class='ocrx_word' id='word_1_3' title='bbox 1338 412 1962 493; x_wconf 81' lang='lat' dir='ltr'>MORGAGNI</span> <span class='ocrx_word' id='word_1_4' title='bbox 2006 413 2345 493; x_wconf 85' lang='lat' dir='ltr'><strong>EPIST.</strong></span> <span class='ocrx_word' id='word_1_5' title='bbox 2394 415 2632 511; x_wconf 67' lang='lat' dir='ltr'>IV3-5.</span> <span class='ocrx_word' id='word_1_6' title='bbox 2674 441 2763 518; x_wconf 81' lang='lat'><strong>17</strong></span> <span class='ocrx_word' id='word_1_7' title='bbox 2801 428 2872 496; x_wconf 82' lang='lat' dir='ltr'><strong>et</strong></span> <span class='ocrx_word' id='word_1_8' title='bbox 2914 423 3025 509; x_wconf 66' lang='lat'><strong>182</strong></span> <span class='ocrx_word' id='word_1_9' title='bbox 3092 440 3101 447; x_wconf 82' lang='grc'><em>·</em></span> <span class='ocrx_word' id='word_1_10' title='bbox 3360 446 3375 461; x_wconf 73' lang='grc'>’</span> <span class='ocrx_word' id='word_1_11' title='bbox 3488 426 3637 533; x_wconf 77' lang='grc'><strong>’407</strong></span> 
     </span>
    </p>
   </div>
   <div class='ocr_carea' id='block_1_2' title="bbox 476 594 3638 1113">
    <p class='ocr_par' dir='ltr' id='par_1_2' title="bbox 476 594 3638 1113">
     <span class='ocr_line' id='line_1_2' title="bbox 479 594 3636 814; baseline 0.003 -32"><span class='ocrx_word' id='word_1_12' title='bbox 479 594 2605 806; x_wconf 49' lang='grc' dir='ltr'><strong>ἕέιίιᾘῗζῗὲ“νῖῗὲῗῶέἷῗᾝῖἴῗώξζὲῗῗηῗὲἷῗῖ</strong></span> <span class='ocrx_word' id='word_1_13' title='bbox 2612 609 2895 783; x_wconf 47' lang='lat'><strong>{112&#39;212140</strong></span> <span class='ocrx_word' id='word_1_14' title='bbox 2911 637 2971 783; x_wconf 58' lang='lat' dir='ltr'><strong>i*</strong></span> <span class='ocrx_word' id='word_1_15' title='bbox 2955 609 3636 814; x_wconf 51' lang='grc' dir='ltr'><strong>’.Πιὲἶίἷῗῖἰὲξὲῗιξ</strong></span> 
     </span>
     <span class='ocr_line' id='line_1_3' title="bbox 479 800 3635 907; baseline 0.003 -27"><span class='ocrx_word' id='word_1_16' title='bbox 479 805 707 881; x_wconf 74' lang='lat' dir='ltr'><strong>feciss&#39;e</strong></span> <span class='ocrx_word' id='word_1_17' title='bbox 742 811 982 894; x_wconf 78' lang='lat' dir='ltr'><strong>cumini,</strong></span> <span class='ocrx_word' id='word_1_18' title='bbox 1019 804 1380 880; x_wconf 82' lang='lat' dir='ltr'><strong>arbitratur</strong></span> <span class='ocrx_word' id='word_1_19' title='bbox 1392 807 1699 881; x_wconf 82' lang='lat' dir='ltr'><strong>Rhodius</strong></span> <span class='ocrx_word' id='word_1_20' title='bbox 1731 800 2305 904; x_wconf 56' lang='lat' dir='ltr'><strong>[Lenaea-ibon.</strong></span> <span class='ocrx_word' id='word_1_21' title='bbox 2324 808 2407 882; x_wconf 84' lang='lat' dir='ltr'><strong>ad</strong></span> <span class='ocrx_word' id='word_1_22' title='bbox 2423 811 2723 898; x_wconf 71' lang='lat' dir='ltr'><strong>commis]</strong></span> <span class='ocrx_word' id='word_1_23' title='bbox 2748 814 2841 883; x_wconf 75' lang='lat' dir='ltr'><strong>ita</strong></span> <span class='ocrx_word' id='word_1_24' title='bbox 2850 836 2985 906; x_wconf 80' lang='lat' dir='ltr'><strong>ego</strong></span> <span class='ocrx_word' id='word_1_25' title='bbox 3026 816 3098 884; x_wconf 87' lang='lat' dir='ltr'><strong>in</strong></span> <span class='ocrx_word' id='word_1_26' title='bbox 3116 817 3415 907; x_wconf 74' lang='lat' dir='ltr'><strong>vegetio</strong></span> <span class='ocrx_word' id='word_1_27' title='bbox 3444 816 3635 891; x_wconf 79' lang='lat' dir='ltr'><strong>idem</strong></span> 
     </span>
     <span class='ocr_line' id='line_1_4' title="bbox 480 903 3638 1012; baseline 0.003 -31"><span class='ocrx_word' id='word_1_28' title='bbox 480 909 626 981; x_wconf 88' lang='lat' dir='ltr'><strong>fere</strong></span> <span class='ocrx_word' id='word_1_29' title='bbox 656 903 979 994; x_wconf 65' lang='lat' dir='ltr'><strong>accidisse,</strong></span> <span class='ocrx_word' id='word_1_30' title='bbox 1008 907 1322 1008; x_wconf 85' lang='lat' dir='ltr'><strong>suspicor.</strong></span> <span class='ocrx_word' id='word_1_31' title='bbox 1363 914 1446 981; x_wconf 90' lang='lat' dir='ltr'><strong>In</strong></span> <span class='ocrx_word' id='word_1_32' title='bbox 1474 910 1677 981; x_wconf 82' lang='lat' dir='ltr'><strong>huius</strong></span> <span class='ocrx_word' id='word_1_33' title='bbox 1709 910 1920 1001; x_wconf 83' lang='lat' dir='ltr'><strong>igitur</strong></span> <span class='ocrx_word' id='word_1_34' title='bbox 1943 911 2159 1008; x_wconf 89' lang='lat' dir='ltr'><strong>prima</strong></span> <span class='ocrx_word' id='word_1_35' title='bbox 2189 910 2689 1008; x_wconf 67' lang='lat' dir='ltr'><strong>composidone</strong></span> <span class='ocrx_word' id='word_1_36' title='bbox 2718 937 2847 1012; x_wconf 87' lang='lat' dir='ltr'><strong>pro</strong></span> <span class='ocrx_word' id='word_1_37' title='bbox 2877 918 3180 986; x_wconf 72' lang='lat' dir='ltr'><strong>marrubii</strong></span> <span class='ocrx_word' id='word_1_38' title='bbox 3203 913 3638 995; x_wconf 73' lang='lat' dir='ltr'><strong>scribendum</strong></span> 
     </span>
     <span class='ocr_line' id='line_1_5' title="bbox 476 1007 3635 1113; baseline 0.003 -29"><span class='ocrx_word' id='word_1_39' title='bbox 476 1009 785 1110; x_wconf 73' lang='lat' dir='ltr'><strong>myrrhae,</strong></span> <span class='ocrx_word' id='word_1_40' title='bbox 813 1012 886 1081; x_wconf 89' lang='lat' dir='ltr'><strong>in</strong></span> <span class='ocrx_word' id='word_1_41' title='bbox 916 1009 1126 1081; x_wconf 84' lang='lat' dir='ltr'><strong>altera</strong></span> <span class='ocrx_word' id='word_1_42' title='bbox 1140 1037 1272 1111; x_wconf 87' lang='lat' dir='ltr'><strong>pro</strong></span> <span class='ocrx_word' id='word_1_43' title='bbox 1294 1015 1518 1109; x_wconf 58' lang='lat' dir='ltr'><strong>qmini</strong></span> <span class='ocrx_word' id='word_1_44' title='bbox 1539 1007 1967 1084; x_wconf 88' lang='lat' dir='ltr'><strong>scribendum</strong></span> <span class='ocrx_word' id='word_1_45' title='bbox 1991 1010 2262 1109; x_wconf 80' lang='lat' dir='ltr'><strong>gummis</strong></span> <span class='ocrx_word' id='word_1_46' title='bbox 2275 1008 2440 1102; x_wconf 73' lang='lat' dir='ltr'><strong>effe,</strong></span> <span class='ocrx_word' id='word_1_47' title='bbox 2465 1028 2678 1113; x_wconf 72' lang='lat' dir='ltr'><strong>puto,</strong></span> <span class='ocrx_word' id='word_1_48' title='bbox 2711 1027 2887 1113; x_wconf 85' lang='lat' dir='ltr'><strong>puto</strong></span> <span class='ocrx_word' id='word_1_49' title='bbox 2916 1028 3167 1105; x_wconf 86' lang='lat' dir='ltr'><strong>tamen,</strong></span> <span class='ocrx_word' id='word_1_50' title='bbox 3197 1040 3341 1089; x_wconf 91' lang='lat' dir='ltr'><strong>non</strong></span> <span class='ocrx_word' id='word_1_51' title='bbox 3370 1016 3635 1093; x_wconf 75' lang='lat' dir='ltr'><strong>cense&#39;o&#39;.</strong></span> 
     </span>
    </p>
   </div>
   <div class='ocr_carea' id='block_1_3' title="bbox 474 1167 3634 1467">
    <p class='ocr_par' dir='ltr' id='par_1_3' title="bbox 474 1167 3634 1467">
     <span class='ocr_line' id='line_1_6' title="bbox 683 1167 3633 1269; baseline 0.002 -32"><span class='ocrx_word' id='word_1_52' title='bbox 683 1169 738 1253; x_wconf 85' lang='lat'><strong>§.</strong></span> <span class='ocrx_word' id='word_1_53' title='bbox 782 1188 890 1257; x_wconf 88' lang='lat'><strong>17.</strong></span> <span class='ocrx_word' id='word_1_54' title='bbox 940 1173 1114 1259; x_wconf 85' lang='lat' dir='ltr'><strong>Veg.</strong></span> <span class='ocrx_word' id='word_1_55' title='bbox 1153 1187 1212 1251; x_wconf 83' lang='lat'><strong>2,</strong></span> <span class='ocrx_word' id='word_1_56' title='bbox 1251 1188 1362 1257; x_wconf 79' lang='lat'><strong>24,</strong></span> <span class='ocrx_word' id='word_1_57' title='bbox 1393 1177 1556 1237; x_wconf 82' lang='lat' dir='ltr'><strong>extr.</strong></span> <span class='ocrx_word' id='word_1_58' title='bbox 1589 1178 1662 1236; x_wconf 88' lang='lat' dir='ltr'><strong>et</strong></span> <span class='ocrx_word' id='word_1_59' title='bbox 1695 1189 1758 1253; x_wconf 82' lang='lat'><strong>2,</strong></span> <span class='ocrx_word' id='word_1_60' title='bbox 1799 1189 1911 1260; x_wconf 85' lang='lat'><strong>25,</strong></span> <span class='ocrx_word' id='word_1_61' title='bbox 1934 1188 1996 1236; x_wconf 86' lang='lat'><strong>2.</strong></span> <span class='ocrx_word' id='word_1_62' title='bbox 2021 1170 2202 1264; x_wconf 80' lang='lat' dir='ltr'><strong>Cap.</strong></span> <span class='ocrx_word' id='word_1_63' title='bbox 2238 1187 2335 1257; x_wconf 83' lang='lat'><strong>24</strong></span> <span class='ocrx_word' id='word_1_64' title='bbox 2400 1183 2519 1238; x_wconf 88' lang='lat' dir='ltr'><strong>aut</strong></span> <span class='ocrx_word' id='word_1_65' title='bbox 2547 1192 2678 1261; x_wconf 83' lang='lat' dir='ltr'><strong>ego</strong></span> <span class='ocrx_word' id='word_1_66' title='bbox 2706 1167 2986 1267; x_wconf 87' lang='lat' dir='ltr'><strong>quidem</strong></span> <span class='ocrx_word' id='word_1_67' title='bbox 3018 1169 3394 1269; x_wconf 84' lang='lat' dir='ltr'><strong>plurimum</strong></span> <span class='ocrx_word' id='word_1_68' title='bbox 3416 1168 3633 1261; x_wconf 86' lang='lat' dir='ltr'><strong>fallor,</strong></span> 
     </span>
     <span class='ocr_line' id='line_1_7' title="bbox 479 1256 3634 1370; baseline 0.001 -31"><span class='ocrx_word' id='word_1_69' title='bbox 479 1280 597 1339; x_wconf 83' lang='lat' dir='ltr'><strong>aut</strong></span> <span class='ocrx_word' id='word_1_70' title='bbox 624 1256 1118 1339; x_wconf 78' lang='lat' dir='ltr'><strong>Librarii&#39;idem</strong></span> <span class='ocrx_word' id='word_1_71' title='bbox 1147 1265 1546 1338; x_wconf 83' lang='lat' dir='ltr'>commisere</span> <span class='ocrx_word' id='word_1_72' title='bbox 1565 1265 1751 1364; x_wconf 90' lang='lat' dir='ltr'><strong>quod</strong></span> <span class='ocrx_word' id='word_1_73' title='bbox 1772 1269 1993 1365; x_wconf 89' lang='lat' dir='ltr'><strong>capite</strong></span> <span class='ocrx_word' id='word_1_74' title='bbox 2020 1289 2048 1338; x_wconf 87' lang='lat'>1</span> <span class='ocrx_word' id='word_1_75' title='bbox 2066 1288 2103 1359; x_wconf 83' lang='lat'>5</span> <span class='ocrx_word' id='word_1_76' title='bbox 2124 1322 2142 1354; x_wconf 89' lang='lat'><strong>,</strong></span> <span class='ocrx_word' id='word_1_77' title='bbox 2193 1281 2269 1338; x_wconf 84' lang='lat' dir='ltr'><strong>vt</strong></span> <span class='ocrx_word' id='word_1_78' title='bbox 2294 1292 2465 1365; x_wconf 86' lang='lat' dir='ltr'><strong>quae</strong></span> <span class='ocrx_word' id='word_1_79' title='bbox 2495 1267 2579 1341; x_wconf 91' lang='lat' dir='ltr'><strong>ad</strong></span> <span class='ocrx_word' id='word_1_80' title='bbox 2614 1271 2756 1342; x_wconf 84' lang='lat' dir='ltr'><strong>eius</strong></span> <span class='ocrx_word' id='word_1_81' title='bbox 2786 1266 2998 1341; x_wconf 81' lang='lat' dir='ltr'><strong>finem</strong></span> <span class='ocrx_word' id='word_1_82' title='bbox 3027 1270 3492 1370; x_wconf 83' lang='lat' dir='ltr'>pertinebant,</span> <span class='ocrx_word' id='word_1_83' title='bbox 3532 1275 3634 1353; x_wconf 72' lang='lat' dir='ltr'><strong>i·n-‚</strong></span> 
     </span>
     <span class='ocr_line' id='line_1_8' title="bbox 474 1365 3633 1467; baseline 0.001 -27"><span class='ocrx_word' id='word_1_84' title='bbox 474 1366 837 1440; x_wconf 85' lang='lat' dir='ltr'><strong>truderent</strong></span> <span class='ocrx_word' id='word_1_85' title='bbox 871 1371 940 1439; x_wconf 87' lang='lat' dir='ltr'><strong>in</strong></span> <span class='ocrx_word' id='word_1_86' title='bbox 962 1383 1170 1467; x_wconf 71' lang='lat' dir='ltr'><strong>caput</strong></span> <span class='ocrx_word' id='word_1_87' title='bbox 1195 1369 1586 1466; x_wconf 84' lang='lat' dir='ltr'><strong>proximum</strong></span> <span class='ocrx_word' id='word_1_88' title='bbox 1622 1391 1730 1454; x_wconf 79' lang='lat'><strong>25.</strong></span> <span class='ocrx_word' id='word_1_89' title='bbox 1755 1386 1772 1401; x_wconf 82' lang='grc'><em>’</em></span> <span class='ocrx_word' id='word_1_90' title='bbox 1826 1370 1908 1439; x_wconf 88' lang='lat' dir='ltr'><strong>In</strong></span> <span class='ocrx_word' id='word_1_91' title='bbox 1935 1368 2073 1438; x_wconf 86' lang='lat' dir='ltr'><strong>hoc</strong></span> <span class='ocrx_word' id='word_1_92' title='bbox 2100 1370 2285 1440; x_wconf 84' lang='lat' dir='ltr'><strong>enim</strong></span> <span class='ocrx_word' id='word_1_93' title='bbox 2309 1392 2470 1440; x_wconf 85' lang='lat' dir='ltr'><strong>cum</strong></span> <span class='ocrx_word' id='word_1_94' title='bbox 2505 1367 2592 1441; x_wconf 91' lang='lat' dir='ltr'><strong>de</strong></span> <span class='ocrx_word' id='word_1_95' title='bbox 2624 1365 3035 1443; x_wconf 75' lang='lat' dir='ltr'><strong>collefflone</strong></span> <span class='ocrx_word' id='word_1_96' title='bbox 3058 1386 3299 1464; x_wconf 78' lang='lat' dir='ltr'><strong>agatur</strong></span> <span class='ocrx_word' id='word_1_97' title='bbox 3323 1375 3457 1444; x_wconf 85' lang='lat' dir='ltr'><strong>oris</strong></span> <span class='ocrx_word' id='word_1_98' title='bbox 3491 1397 3633 1444; x_wconf 86' lang='lat' dir='ltr'><strong>ma·</strong></span> 
     </span>
    </p>
   </div>
   <div class='ocr_carea' id='block_1_4' title="bbox 375 1466 3630 1665">
    <p class='ocr_par' dir='ltr' id='par_1_4' title="bbox 375 1466 3630 1665">
     <span class='ocr_line' id='line_1_9' title="bbox 375 1466 3630 1665; baseline 0.001 -122"><span class='ocrx_word' id='word_1_99' title='bbox 375 1547 390 1559; x_wconf 69' lang='grc'><strong><em>,</em></strong></span> <span class='ocrx_word' id='word_1_100' title='bbox 474 1467 776 1557; x_wconf 80' lang='lat' dir='ltr'><strong>tutanda,</strong></span> <span class='ocrx_word' id='word_1_101' title='bbox 804 1470 1256 1665; x_wconf 55' lang='lat' dir='ltr'><strong>scalpelloque</strong></span> <span class='ocrx_word' id='word_1_102' title='bbox 1284 1466 1680 1567; x_wconf 52' lang='lat' dir='ltr'><strong>aperienda,</strong></span> <span class='ocrx_word' id='word_1_103' title='bbox 1732 1468 1878 1540; x_wconf 74' lang='lat' dir='ltr'><strong>ndn&#39;</strong></span> <span class='ocrx_word' id='word_1_104' title='bbox 1902 1467 2101 1541; x_wconf 82' lang='lat' dir='ltr'><strong>video</strong></span> <span class='ocrx_word' id='word_1_105' title='bbox 2121 1488 2329 1566; x_wconf 76' lang='lat' dir='ltr'><strong>quem</strong></span> <span class='ocrx_word' id='word_1_106' title='bbox 2356 1470 2589 1542; x_wconf 89' lang='lat' dir='ltr'><strong>locum</strong></span> <span class='ocrx_word' id='word_1_107' title='bbox 2606 1472 2721 1544; x_wconf 87' lang='lat' dir='ltr'><strong>illa</strong></span> <span class='ocrx_word' id='word_1_108' title='bbox 2746 1467 3075 1544; x_wconf 78' lang='lat' dir='ltr'><strong>habeant:</strong></span> <span class='ocrx_word' id='word_1_109' title='bbox 3134 1474 3429 1571; x_wconf 82' lang='lat' dir='ltr'><em>Plerique</em></span> <span class='ocrx_word' id='word_1_110' title='bbox 3445 1480 3630 1546; x_wconf 73' lang='lat' dir='ltr'><strong>etiam</strong></span> 
     </span>
    </p>
   </div>
   <div class='ocr_carea' id='block_1_5' title="bbox 455 1566 3630 2178">
    <p class='ocr_par' dir='ltr' id='par_1_5' title="bbox 455 1566 3630 2178">
     <span class='ocr_line' id='line_1_10' title="bbox 475 1566 3629 1668; baseline 0.001 -24"><span class='ocrx_word' id='word_1_111' title='bbox 475 1596 607 1644; x_wconf 83' lang='lat' dir='ltr'><strong>cum</strong></span> <span class='ocrx_word' id='word_1_112' title='bbox 610 1568 805 1667; x_wconf 75' lang='lat' dir='ltr'><strong>ferro</strong></span> <span class='ocrx_word' id='word_1_113' title='bbox 832 1566 1109 1645; x_wconf 80' lang='lat' dir='ltr'><strong>exemtiie</strong></span> <span class='ocrx_word' id='word_1_114' title='bbox 1166 1572 1372 1642; x_wconf 81' lang='lat' dir='ltr'><strong>uerint</strong></span> <span class='ocrx_word' id='word_1_115' title='bbox 1391 1570 1766 1668; x_wconf 74' lang='lat' dir='ltr'><strong>glandulae,</strong></span> <span class='ocrx_word' id='word_1_116' title='bbox 1777 1586 2050 1664; x_wconf 73' lang='lat' dir='ltr'><strong>propter</strong></span> <span class='ocrx_word' id='word_1_117' title='bbox 2050 1569 2387 1668; x_wconf 73' lang='lat' dir='ltr'><strong>sanguinis</strong></span> <span class='ocrx_word' id='word_1_118' title='bbox 2387 1574 2647 1668; x_wconf 84' lang='lat' dir='ltr'><strong>fluxum</strong></span> <span class='ocrx_word' id='word_1_119' title='bbox 2675 1574 2805 1643; x_wconf 81' lang='lat' dir='ltr'><strong>lora</strong></span> <span class='ocrx_word' id='word_1_120' title='bbox 2824 1578 2925 1643; x_wconf 86' lang='lat' dir='ltr'><strong>vri</strong></span> <span class='ocrx_word' id='word_1_121' title='bbox 2953 1575 3184 1659; x_wconf 74' lang='lat' dir='ltr'><strong>debere,</strong></span> <span class='ocrx_word' id='word_1_122' title='bbox 3206 1578 3629 1668; x_wconf 80' lang='lat' dir='ltr'><strong>praecipiant,</strong></span> 
     </span>
     <span class='ocr_line' id='line_1_11' title="bbox 478 1665 3630 1771; baseline 0.001 -27"><span class='ocrx_word' id='word_1_123' title='bbox 478 1686 606 1744; x_wconf 89' lang='lat' dir='ltr'><strong>etc.</strong></span> <span class='ocrx_word' id='word_1_124' title='bbox 649 1697 822 1770; x_wconf 84' lang='lat' dir='ltr'><strong>quae</strong></span> <span class='ocrx_word' id='word_1_125' title='bbox 844 1669 1124 1744; x_wconf 74' lang='lat' dir='ltr'><strong>vicissim</strong></span> <span class='ocrx_word' id='word_1_126' title='bbox 1150 1669 1263 1742; x_wconf 86' lang='lat' dir='ltr'><strong>vbi</strong></span> <span class='ocrx_word' id='word_1_127' title='bbox 1297 1696 1456 1743; x_wconf 89' lang='lat' dir='ltr'><strong>cum</strong></span> <span class='ocrx_word' id='word_1_128' title='bbox 1486 1680 1791 1744; x_wconf 64' lang='lat' dir='ltr'><strong>extremo</strong></span> <span class='ocrx_word' id='word_1_129' title='bbox 1823 1670 1964 1744; x_wconf 82' lang='lat' dir='ltr'><strong>hoc</strong></span> <span class='ocrx_word' id='word_1_130' title='bbox 1995 1673 2214 1771; x_wconf 80' lang='lat' dir='ltr'><strong>capite</strong></span> <span class='ocrx_word' id='word_1_131' title='bbox 2249 1698 2344 1764; x_wconf 86' lang='lat'><strong>24</strong></span> <span class='ocrx_word' id='word_1_132' title='bbox 2371 1665 3150 1766; x_wconf 64' lang='lat' dir='ltr'><strong>coniungantur,‘suam</strong></span> <span class='ocrx_word' id='word_1_133' title='bbox 3176 1675 3247 1743; x_wconf 88' lang='lat' dir='ltr'><strong>in</strong></span> <span class='ocrx_word' id='word_1_134' title='bbox 3277 1673 3505 1746; x_wconf 86' lang='lat' dir='ltr'><strong>sedem</strong></span> <span class='ocrx_word' id='word_1_135' title='bbox 3531 1677 3630 1746; x_wconf 84' lang='lat' dir='ltr'><strong>vi-</strong></span> 
     </span>
     <span class='ocr_line' id='line_1_12' title="bbox 474 1769 3629 1891; baseline 0.001 -47"><span class='ocrx_word' id='word_1_136' title='bbox 474 1773 727 1845; x_wconf 87' lang='lat' dir='ltr'><strong>dentur</strong></span> <span class='ocrx_word' id='word_1_137' title='bbox 757 1769 891 1846; x_wconf 85' lang='lat' dir='ltr'><strong>effe</strong></span> <span class='ocrx_word' id='word_1_138' title='bbox 913 1770 1235 1847; x_wconf 83' lang='lat' dir='ltr'><strong>restituta.</strong></span> <span class='ocrx_word' id='word_1_139' title='bbox 1301 1775 1411 1845; x_wconf 72' lang='lat' dir='ltr'><strong>ffic</strong></span> <span class='ocrx_word' id='word_1_140' title='bbox 1437 1776 1622 1846; x_wconf 89' lang='lat' dir='ltr'><strong>enim</strong></span> <span class='ocrx_word' id='word_1_141' title='bbox 1652 1772 1790 1846; x_wconf 87' lang='lat' dir='ltr'><strong>hoc</strong></span> <span class='ocrx_word' id='word_1_142' title='bbox 1817 1788 2023 1873; x_wconf 86' lang='lat' dir='ltr'><strong>caput</strong></span> <span class='ocrx_word' id='word_1_143' title='bbox 2048 1798 2235 1845; x_wconf 88' lang='lat' dir='ltr'><strong>nunc</strong></span> <span class='ocrx_word' id='word_1_144' title='bbox 2265 1772 2533 1846; x_wconf 84' lang='lat' dir='ltr'><strong>finitur:</strong></span> <span class='ocrx_word' id='word_1_145' title='bbox 2580 1776 2883 1891; x_wconf 71' lang='lat' dir='ltr'><strong>Plerique</strong></span> <span class='ocrx_word' id='word_1_146' title='bbox 2914 1777 3151 1846; x_wconf 82' lang='lat' dir='ltr'><strong>vrenda</strong></span> <span class='ocrx_word' id='word_1_147' title='bbox 3181 1774 3374 1862; x_wconf 91' lang='lat' dir='ltr'><strong>[loca</strong></span> <span class='ocrx_word' id='word_1_148' title='bbox 3398 1773 3629 1848; x_wconf 85' lang='lat' dir='ltr'><strong>videli—</strong></span> 
     </span>
     <span class='ocr_line' id='line_1_13' title="bbox 471 1870 3629 1975; baseline 0.001 -29"><span class='ocrx_word' id='word_1_149' title='bbox 471 1890 586 1946; x_wconf 88' lang='lat' dir='ltr'><strong>cet</strong></span> <span class='ocrx_word' id='word_1_150' title='bbox 624 1872 1125 1968; x_wconf 82' lang='lat' dir='ltr'><strong>glandularum,</strong></span> <span class='ocrx_word' id='word_1_151' title='bbox 1174 1870 1283 1946; x_wconf 70' lang='lat' dir='ltr'><strong>&#39;vel</strong></span> <span class='ocrx_word' id='word_1_152' title='bbox 1329 1878 1595 1973; x_wconf 75' lang='lat' dir='ltr'><strong>potine,</strong></span> <span class='ocrx_word' id='word_1_153' title='bbox 1647 1890 1724 1947; x_wconf 85' lang='lat' dir='ltr'><strong>vt</strong></span> <span class='ocrx_word' id='word_1_154' title='bbox 1761 1901 1932 1973; x_wconf 86' lang='lat' dir='ltr'><strong>quae</strong></span> <span class='ocrx_word' id='word_1_155' title='bbox 1979 1878 2311 1948; x_wconf 88' lang='lat' dir='ltr'><strong>continuo</strong></span> <span class='ocrx_word' id='word_1_156' title='bbox 2355 1877 2766 1973; x_wconf 89' lang='lat' dir='ltr'><strong>sequuntur,</strong></span> <span class='ocrx_word' id='word_1_157' title='bbox 2820 1874 3024 1947; x_wconf 81' lang='lat' dir='ltr'><strong>verba</strong></span> <span class='ocrx_word' id='word_1_158' title='bbox 3062 1874 3401 1967; x_wconf 85' lang='lat' dir='ltr'><strong>flagitant,</strong></span> <span class='ocrx_word' id='word_1_159' title='bbox 3452 1877 3629 1975; x_wconf 73' lang='lat' dir='ltr'><strong>ipsas</strong></span> 
     </span>
     <span class='ocr_line' id='line_1_14' title="bbox 471 1976 3628 2080; baseline 0.002 -32"><span class='ocrx_word' id='word_1_160' title='bbox 471 1976 856 2071; x_wconf 69' lang='lat' dir='ltr'><strong>glandulae,</strong></span> <span class='ocrx_word' id='word_1_161' title='bbox 905 1991 980 2049; x_wconf 84' lang='lat' dir='ltr'><strong>vt</strong></span> <span class='ocrx_word' id='word_1_162' title='bbox 1009 1976 1240 2047; x_wconf 87' lang='lat' dir='ltr'><strong>malim</strong></span> <span class='ocrx_word' id='word_1_163' title='bbox 1261 1976 1507 2069; x_wconf 66' lang='lat' dir='ltr'><strong>‘legere</strong></span> <span class='ocrx_word' id='word_1_164' title='bbox 1544 1983 1850 2068; x_wconf 82' lang='lat' dir='ltr'><strong>vrendas]</strong></span> <span class='ocrx_word' id='word_1_165' title='bbox 1909 1977 2207 2076; x_wconf 82' lang='lat' dir='ltr'><strong><em>Plerique</em></strong></span> <span class='ocrx_word' id='word_1_166' title='bbox 2251 1983 2519 2051; x_wconf 75' lang='lat' dir='ltr'><strong>vrendas</strong></span> <span class='ocrx_word' id='word_1_167' title='bbox 2559 1983 2869 2052; x_wconf 76' lang='lat' dir='ltr'><strong>dixerunt.</strong></span> <span class='ocrx_word' id='word_1_168' title='bbox 2973 1980 3101 2049; x_wconf 81' lang='lat' dir='ltr'><strong>Sed</strong></span> <span class='ocrx_word' id='word_1_169' title='bbox 3112 1978 3186 2080; x_wconf 79' lang='lat' dir='ltr'><em>fi</em></span> <span class='ocrx_word' id='word_1_170' title='bbox 3216 2000 3460 2072; x_wconf 74' lang='lat' dir='ltr'><strong>paruae</strong></span> <span class='ocrx_word' id='word_1_171' title='bbox 3476 1976 3628 2076; x_wconf 76' lang='lat' dir='ltr'><strong>stnt</strong></span> 
     </span>
     <span class='ocr_line' id='line_1_15' title="bbox 455 2076 2125 2178; baseline 0.001 -26"><span class='ocrx_word' id='word_1_172' title='bbox 455 2077 746 2178; x_wconf 75' lang='lat' dir='ltr'><strong>prodest,</strong></span> <span class='ocrx_word' id='word_1_173' title='bbox 789 2094 1094 2161; x_wconf 79' lang='lat' dir='ltr'><strong>caeterum</strong></span> <span class='ocrx_word' id='word_1_174' title='bbox 1119 2083 1387 2157; x_wconf 82' lang='lat' dir='ltr'><strong>maiores</strong></span> <span class='ocrx_word' id='word_1_175' title='bbox 1414 2076 2125 2177; x_wconf 79' lang='lat' dir='ltr'><strong>execandaesuntferro.</strong></span> 
     </span>
    </p>
   </div>
   <div class='ocr_carea' id='block_1_6' title="bbox 675 2204 3629 2341">
    <p class='ocr_par' dir='ltr' id='par_1_6' title="bbox 675 2204 3629 2341">
     <span class='ocr_line' id='line_1_16' title="bbox 675 2204 3629 2341; baseline -0.002 -29"><span class='ocrx_word' id='word_1_176' title='bbox 675 2239 728 2328; x_wconf 83' lang='lat'><strong>§.</strong></span> <span class='ocrx_word' id='word_1_177' title='bbox 770 2248 879 2322; x_wconf 81' lang='lat'><strong>18.</strong></span> <span class='ocrx_word' id='word_1_178' title='bbox 936 2244 1111 2334; x_wconf 85' lang='lat' dir='ltr'><strong>Veg.</strong></span> <span class='ocrx_word' id='word_1_179' title='bbox 1143 2264 1206 2329; x_wconf 84' lang='lat'><strong>2,</strong></span> <span class='ocrx_word' id='word_1_180' title='bbox 1251 2246 1364 2329; x_wconf 86' lang='lat'><strong>26,</strong></span> <span class='ocrx_word' id='word_1_181' title='bbox 1403 2262 1452 2335; x_wconf 76' lang='lat'><strong>‚3</strong></span> <span class='ocrx_word' id='word_1_182' title='bbox 1483 2242 1672 2341; x_wconf 69' lang='lat' dir='ltr'><strong>Cap.</strong></span> <span class='ocrx_word' id='word_1_183' title='bbox 1715 2243 1812 2333; x_wconf 61' lang='lat'><strong>26</strong></span> <span class='ocrx_word' id='word_1_184' title='bbox 1913 2237 2218 2337; x_wconf 77' lang='lat' dir='ltr'><strong>Fistulare</strong></span> <span class='ocrx_word' id='word_1_185' title='bbox 2258 2255 2467 2314; x_wconf 79' lang='lat' dir='ltr'><strong>autem</strong></span> <span class='ocrx_word' id='word_1_186' title='bbox 2517 2220 2850 2339; x_wconf 32' lang='lat' dir='ltr'><strong>collyrium·</strong></span> <span class='ocrx_word' id='word_1_187' title='bbox 2878 2236 2994 2313; x_wconf 78' lang='lat' dir='ltr'><strong>hac</strong></span> <span class='ocrx_word' id='word_1_188' title='bbox 3031 2204 3275 2310; x_wconf 62' lang='lat' dir='ltr'><strong>ratione</strong></span> <span class='ocrx_word' id='word_1_189' title='bbox 3310 2232 3629 2330; x_wconf 77' lang='lat' dir='ltr'><strong>corficies:</strong></span> 
     </span>
    </p>
   </div>
   <div class='ocr_carea' id='block_1_7' title="bbox 349 2336 3627 2439">
    <p class='ocr_par' dir='ltr' id='par_1_7' title="bbox 349 2336 3627 2439">
     <span class='ocr_line' id='line_1_17' title="bbox 349 2336 3627 2439; baseline -0.002 -26"><span class='ocrx_word' id='word_1_190' title='bbox 349 2398 358 2405; x_wconf 90' lang='lat'><strong>.</strong></span> <span class='ocrx_word' id='word_1_191' title='bbox 466 2336 626 2435; x_wconf 74' lang='lat' dir='ltr'><strong>anili</strong></span> <span class='ocrx_word' id='word_1_192' title='bbox 651 2345 888 2415; x_wconf 71' lang='lat' dir='ltr'><strong>nnciam</strong></span> <span class='ocrx_word' id='word_1_193' title='bbox 929 2362 993 2431; x_wconf 87' lang='lat'><strong>1,</strong></span> <span class='ocrx_word' id='word_1_194' title='bbox 1012 2343 1272 2436; x_wconf 58' lang='lat' dir='ltr'><strong>flamine</strong></span> <span class='ocrx_word' id='word_1_195' title='bbox 1297 2348 1544 2419; x_wconf 72' lang='lat' dir='ltr'><strong>nnciam</strong></span> <span class='ocrx_word' id='word_1_196' title='bbox 1579 2367 1638 2432; x_wconf 90' lang='lat'><strong>1,</strong></span> <span class='ocrx_word' id='word_1_197' title='bbox 1682 2346 2001 2439; x_wconf 75' lang='lat' dir='ltr'><strong>aeruginis</strong></span> <span class='ocrx_word' id='word_1_198' title='bbox 2025 2347 2191 2415; x_wconf 78' lang='lat' dir='ltr'><strong>aeris</strong></span> <span class='ocrx_word' id='word_1_199' title='bbox 2214 2346 2453 2416; x_wconf 81' lang='lat' dir='ltr'><strong>vnciam</strong></span> <span class='ocrx_word' id='word_1_200' title='bbox 2494 2363 2555 2428; x_wconf 76' lang='grc' dir='ltr'><strong>ι,</strong></span> <span class='ocrx_word' id='word_1_201' title='bbox 2594 2345 2941 2414; x_wconf 71' lang='lat' dir='ltr'><strong>barritum</strong></span> <span class='ocrx_word' id='word_1_202' title='bbox 2983 2341 3225 2411; x_wconf 67' lang='lat' dir='ltr'><strong>calceri]-</strong></span> <span class='ocrx_word' id='word_1_203' title='bbox 3264 2342 3507 2417; x_wconf 72' lang='lat' dir='ltr'><strong>unciam</strong></span> <span class='ocrx_word' id='word_1_204' title='bbox 3561 2357 3627 2423; x_wconf 79' lang='lat'><strong>1,</strong></span> 
     </span>
    </p>
   </div>
   <div class='ocr_carea' id='block_1_8' title="bbox 466 2435 3622 2644">
    <p class='ocr_par' dir='ltr' id='par_1_8' title="bbox 466 2435 3622 2644">
     <span class='ocr_line' id='line_1_18' title="bbox 468 2435 3622 2539; baseline -0.003 -25"><span class='ocrx_word' id='word_1_205' title='bbox 468 2440 679 2517; x_wconf 83' lang='lat' dir='ltr'><strong>cimini</strong></span> <span class='ocrx_word' id='word_1_206' title='bbox 679 2439 870 2537; x_wconf 82' lang='lat' dir='ltr'><strong>semis</strong></span> <span class='ocrx_word' id='word_1_207' title='bbox 895 2447 1134 2517; x_wconf 73' lang='lat' dir='ltr'><strong>vnciain</strong></span> <span class='ocrx_word' id='word_1_208' title='bbox 1172 2466 1229 2532; x_wconf 75' lang='grc' dir='ltr'><strong>ι,</strong></span> <span class='ocrx_word' id='word_1_209' title='bbox 1258 2457 1421 2527; x_wconf 77' lang='lat' dir='ltr'><strong>teres</strong></span> <span class='ocrx_word' id='word_1_210' title='bbox 1447 2456 1768 2517; x_wconf 75' lang='lat' dir='ltr'><strong>cunraceto</strong></span> <span class='ocrx_word' id='word_1_211' title='bbox 1789 2458 1922 2516; x_wconf 86' lang='lat' dir='ltr'><strong>etc.</strong></span> <span class='ocrx_word' id='word_1_212' title='bbox 2018 2447 2183 2515; x_wconf 93' lang='lat' dir='ltr'><strong>Hoc</strong></span> <span class='ocrx_word' id='word_1_213' title='bbox 2207 2446 2280 2515; x_wconf 87' lang='lat' dir='ltr'><strong>in</strong></span> <span class='ocrx_word' id='word_1_214' title='bbox 2316 2443 2473 2515; x_wconf 92' lang='lat' dir='ltr'><strong>loco</strong></span> <span class='ocrx_word' id='word_1_215' title='bbox 2499 2457 2572 2514; x_wconf 84' lang='lat' dir='ltr'><strong>et</strong></span> <span class='ocrx_word' id='word_1_216' title='bbox 2598 2442 2794 2539; x_wconf 90' lang='lat' dir='ltr'><strong>plura</strong></span> <span class='ocrx_word' id='word_1_217' title='bbox 2820 2437 3077 2515; x_wconf 83' lang='lat' dir='ltr'><strong>subesse</strong></span> <span class='ocrx_word' id='word_1_218' title='bbox 3101 2441 3291 2526; x_wconf 80' lang='lat' dir='ltr'><strong>vitia,</strong></span> <span class='ocrx_word' id='word_1_219' title='bbox 3342 2454 3414 2509; x_wconf 88' lang='lat' dir='ltr'><strong>et</strong></span> <span class='ocrx_word' id='word_1_220' title='bbox 3438 2435 3622 2509; x_wconf 87' lang='lat' dir='ltr'><strong>vnde</strong></span> 
     </span>
     <span class='ocr_line' id='line_1_19' title="bbox 466 2535 3619 2644; baseline -0.002 -29"><span class='ocrx_word' id='word_1_221' title='bbox 466 2543 809 2642; x_wconf 85' lang='lat' dir='ltr'><strong>plerisque</strong></span> <span class='ocrx_word' id='word_1_222' title='bbox 839 2541 1176 2617; x_wconf 88' lang='lat' dir='ltr'><strong>medicina</strong></span> <span class='ocrx_word' id='word_1_223' title='bbox 1212 2548 1445 2642; x_wconf 85' lang='lat' dir='ltr'><strong>quaeri</strong></span> <span class='ocrx_word' id='word_1_224' title='bbox 1474 2541 1708 2644; x_wconf 84' lang='lat' dir='ltr'><strong>poffit,</strong></span> <span class='ocrx_word' id='word_1_225' title='bbox 1768 2544 2401 2630; x_wconf 81' lang='lat' dir='ltr'><strong>animaduertimus,</strong></span> <span class='ocrx_word' id='word_1_226' title='bbox 2465 2546 2896 2615; x_wconf 64' lang='lat' dir='ltr'><strong>nimirum‘ex</strong></span> <span class='ocrx_word' id='word_1_227' title='bbox 2928 2566 3072 2641; x_wconf 81' lang='lat' dir='ltr'><strong>cap.</strong></span> <span class='ocrx_word' id='word_1_228' title='bbox 3114 2548 3206 2614; x_wconf 90' lang='lat'><strong>16</strong></span> <span class='ocrx_word' id='word_1_229' title='bbox 3238 2538 3350 2612; x_wconf 87' lang='lat' dir='ltr'><strong>lib.</strong></span> <span class='ocrx_word' id='word_1_230' title='bbox 3376 2561 3462 2631; x_wconf 83' lang='lat'><strong>4,</strong></span> <span class='ocrx_word' id='word_1_231' title='bbox 3500 2535 3619 2610; x_wconf 84' lang='lat' dir='ltr'><strong>vbi</strong></span> 
     </span>
    </p>
   </div>
   <div class='ocr_carea' id='block_1_9' title="bbox 468 2602 3805 2745">
    <p class='ocr_par' dir='ltr' id='par_1_9' title="bbox 468 2602 3805 2745">
     <span class='ocr_line' id='line_1_20' title="bbox 468 2602 3805 2745; baseline 0 -30"><span class='ocrx_word' id='word_1_232' title='bbox 468 2645 850 2742; x_wconf 84' lang='lat' dir='ltr'>Collyrium</span> <span class='ocrx_word' id='word_1_233' title='bbox 874 2643 1163 2718; x_wconf 85' lang='lat' dir='ltr'><strong>fistulare</strong></span> <span class='ocrx_word' id='word_1_234' title='bbox 1206 2649 1456 2717; x_wconf 83' lang='lat' dir='ltr'><strong>iterum</strong></span> <span class='ocrx_word' id='word_1_235' title='bbox 1484 2650 1904 2745; x_wconf 83' lang='lat' dir='ltr'><strong>proponitur</strong></span> <span class='ocrx_word' id='word_1_236' title='bbox 1934 2645 2015 2719; x_wconf 90' lang='lat' dir='ltr'><strong>ad</strong></span> <span class='ocrx_word' id='word_1_237' title='bbox 2048 2646 2236 2718; x_wconf 86' lang='lat' dir='ltr'><strong>hunc</strong></span> <span class='ocrx_word' id='word_1_238' title='bbox 2265 2643 2571 2719; x_wconf 86' lang='lat' dir='ltr'><strong>modum.</strong></span> <span class='ocrx_word' id='word_1_239' title='bbox 2672 2640 2826 2738; x_wconf 69' lang='lat' dir='ltr'><strong>Mss</strong></span> <span class='ocrx_word' id='word_1_240' title='bbox 2858 2646 3097 2731; x_wconf 84' lang='lat' dir='ltr'><strong>libram,</strong></span> <span class='ocrx_word' id='word_1_241' title='bbox 3105 2642 3486 2737; x_wconf 63' lang='lat' dir='ltr'><strong>ferularlib.</strong></span> <span class='ocrx_word' id='word_1_242' title='bbox 3518 2664 3624 2715; x_wconf 80' lang='lat' dir='ltr'><strong>ae-</strong></span> <span class='ocrx_word' id='word_1_243' title='bbox 3693 2686 3737 2738; x_wconf 60' lang='lat'><strong>,-</strong></span> <span class='ocrx_word' id='word_1_244' title='bbox 3793 2602 3805 2609; x_wconf 21' lang='grc' dir='ltr'>ἢ</span> 
     </span>
    </p>
   </div>
   <div class='ocr_carea' id='block_1_10' title="bbox 441 2744 3651 4163">
    <p class='ocr_par' dir='ltr' id='par_1_10' title="bbox 441 2744 3651 4163">
     <span class='ocr_line' id='line_1_21' title="bbox 465 2744 3617 2844; baseline -0.003 -25"><span class='ocrx_word' id='word_1_245' title='bbox 465 2749 703 2843; x_wconf 73' lang='lat' dir='ltr'><strong>rugini:</strong></span> <span class='ocrx_word' id='word_1_246' title='bbox 727 2750 834 2823; x_wconf 89' lang='lat' dir='ltr'><strong>lib.</strong></span> <span class='ocrx_word' id='word_1_247' title='bbox 863 2749 1103 2820; x_wconf 73' lang='lat' dir='ltr'><strong>culcitis</strong></span> <span class='ocrx_word' id='word_1_248' title='bbox 1134 2749 1388 2835; x_wconf 84' lang='lat' dir='ltr'><strong>libram,</strong></span> <span class='ocrx_word' id='word_1_249' title='bbox 1448 2752 1674 2844; x_wconf 80' lang='lat' dir='ltr'><strong>cymini</strong></span> <span class='ocrx_word' id='word_1_250' title='bbox 1703 2746 2064 2841; x_wconf 76' lang='lat' dir='ltr'><strong>vnciasfix,</strong></span> <span class='ocrx_word' id='word_1_251' title='bbox 2089 2763 2252 2819; x_wconf 78' lang='lat' dir='ltr'><strong>teres</strong></span> <span class='ocrx_word' id='word_1_252' title='bbox 2276 2771 2410 2818; x_wconf 82' lang='lat' dir='ltr'><strong>cum</strong></span> <span class='ocrx_word' id='word_1_253' title='bbox 2444 2760 2612 2817; x_wconf 84' lang='lat' dir='ltr'><strong>aceto</strong></span> <span class='ocrx_word' id='word_1_254' title='bbox 2652 2760 2780 2815; x_wconf 90' lang='lat' dir='ltr'><strong>etc.</strong></span> <span class='ocrx_word' id='word_1_255' title='bbox 2884 2747 3186 2816; x_wconf 87' lang='lat' dir='ltr'><strong>Primum</strong></span> <span class='ocrx_word' id='word_1_256' title='bbox 3230 2744 3439 2834; x_wconf 85' lang='lat' dir='ltr'><strong>igitur</strong></span> <span class='ocrx_word' id='word_1_257' title='bbox 3482 2756 3617 2838; x_wconf 83' lang='lat' dir='ltr'><strong>pro</strong></span> 
     </span>
     <span class='ocr_line' id='line_1_22' title="bbox 465 2843 3620 2947; baseline -0.003 -28"><span class='ocrx_word' id='word_1_258' title='bbox 465 2844 824 2940; x_wconf 82' lang='lat' dir='ltr'><strong>vegetabili</strong></span> <span class='ocrx_word' id='word_1_259' title='bbox 853 2849 1270 2924; x_wconf 86' lang='lat' dir='ltr'><strong>metallicum</strong></span> <span class='ocrx_word' id='word_1_260' title='bbox 1298 2870 1565 2947; x_wconf 87' lang='lat' dir='ltr'><strong>repono</strong></span> <span class='ocrx_word' id='word_1_261' title='bbox 1594 2847 2193 2933; x_wconf 81' lang='lat' dir='ltr'><strong>medicamentum,</strong></span> <span class='ocrx_word' id='word_1_262' title='bbox 2223 2870 2354 2944; x_wconf 89' lang='lat' dir='ltr'><strong>pro</strong></span> <span class='ocrx_word' id='word_1_263' title='bbox 2382 2843 2536 2939; x_wconf 72' lang='lat' dir='ltr'><strong>anili</strong></span> <span class='ocrx_word' id='word_1_264' title='bbox 2560 2844 2878 2915; x_wconf 84' lang='lat' dir='ltr'><strong>videlicet</strong></span> <span class='ocrx_word' id='word_1_265' title='bbox 2904 2843 3071 2944; x_wconf 80' lang='lat' dir='ltr'><strong>myst,</strong></span> <span class='ocrx_word' id='word_1_266' title='bbox 3098 2843 3210 2914; x_wconf 89' lang='lat' dir='ltr'><strong>vel</strong></span> <span class='ocrx_word' id='word_1_267' title='bbox 3232 2844 3463 2940; x_wconf 86' lang='lat' dir='ltr'><strong>potius</strong></span> <span class='ocrx_word' id='word_1_268' title='bbox 3492 2860 3620 2938; x_wconf 75' lang='lat' dir='ltr'><strong>my-</strong></span> 
     </span>
     <span class='ocr_line' id='line_1_23' title="bbox 441 2936 3617 3048; baseline -0.003 -27"><span class='ocrx_word' id='word_1_269' title='bbox 441 2947 564 3046; x_wconf 76' lang='lat' dir='ltr'><strong>sis,</strong></span> <span class='ocrx_word' id='word_1_270' title='bbox 593 2948 779 3046; x_wconf 91' lang='lat' dir='ltr'><strong>quod</strong></span> <span class='ocrx_word' id='word_1_271' title='bbox 805 2952 878 3021; x_wconf 86' lang='lat' dir='ltr'><strong>in</strong></span> <span class='ocrx_word' id='word_1_272' title='bbox 907 2949 1196 3024; x_wconf 84' lang='lat' dir='ltr'><strong>alterum</strong></span> <span class='ocrx_word' id='word_1_273' title='bbox 1209 2975 1487 3048; x_wconf 89' lang='lat' dir='ltr'><strong>quoque</strong></span> <span class='ocrx_word' id='word_1_274' title='bbox 1516 2948 1882 3046; x_wconf 85' lang='lat' dir='ltr'><strong>collyrium</strong></span> <span class='ocrx_word' id='word_1_275' title='bbox 1910 2944 2201 3019; x_wconf 79' lang='lat' dir='ltr'><strong>fistulare</strong></span> <span class='ocrx_word' id='word_1_276' title='bbox 2226 2948 2365 3019; x_wconf 87' lang='lat' dir='ltr'><strong>reci</strong></span> <span class='ocrx_word' id='word_1_277' title='bbox 2415 2948 2572 3034; x_wconf 89' lang='lat' dir='ltr'><strong>itur,</strong></span> <span class='ocrx_word' id='word_1_278' title='bbox 2602 2944 2846 3016; x_wconf 90' lang='lat' dir='ltr'><strong>eodem</strong></span> <span class='ocrx_word' id='word_1_279' title='bbox 2864 2970 3006 3044; x_wconf 88' lang='lat' dir='ltr'><strong>cap.</strong></span> <span class='ocrx_word' id='word_1_280' title='bbox 3038 2971 3053 3013; x_wconf 84' lang='grc' dir='ltr'><strong><em>ι</em></strong></span> <span class='ocrx_word' id='word_1_281' title='bbox 3076 2950 3119 3017; x_wconf 88' lang='grc'><strong><em>6</em></strong></span> <span class='ocrx_word' id='word_1_282' title='bbox 3150 2936 3617 3017; x_wconf 66' lang='lat' dir='ltr'><strong>subiunstum:</strong></span> 
     </span>
     <span class='ocr_line' id='line_1_24' title="bbox 458 2971 3615 3149; baseline -0.004 -24"><span class='ocrx_word' id='word_1_283' title='bbox 458 3047 642 3147; x_wconf 78' lang='lat' dir='ltr'><strong>Mtfi,</strong></span> <span class='ocrx_word' id='word_1_284' title='bbox 667 3055 1002 3148; x_wconf 78' lang='lat' dir='ltr'><strong>aeruginis,</strong></span> <span class='ocrx_word' id='word_1_285' title='bbox 1051 3053 1284 3122; x_wconf 75' lang='lat' dir='ltr'><strong>culcitis</strong></span> <span class='ocrx_word' id='word_1_286' title='bbox 1298 3064 1424 3119; x_wconf 86' lang='lat' dir='ltr'><strong>etc.</strong></span> <span class='ocrx_word' id='word_1_287' title='bbox 1520 3056 1713 3123; x_wconf 89' lang='lat' dir='ltr'><strong>Tum</strong></span> <span class='ocrx_word' id='word_1_288' title='bbox 1740 3075 1870 3149; x_wconf 90' lang='lat' dir='ltr'><strong>pro</strong></span> <span class='ocrx_word' id='word_1_289' title='bbox 1880 3048 2134 3141; x_wconf 81' lang='lat' dir='ltr'><strong>ferulae</strong></span> <span class='ocrx_word' id='word_1_290' title='bbox 2160 3048 2323 3139; x_wconf 84' lang='lat' dir='ltr'><strong>lego</strong></span> <span class='ocrx_word' id='word_1_291' title='bbox 2331 2971 2608 3140; x_wconf 46' lang='lat' dir='ltr'><strong>ficata,</strong></span> <span class='ocrx_word' id='word_1_292' title='bbox 2655 3044 2741 3116; x_wconf 90' lang='lat' dir='ltr'><strong>de</strong></span> <span class='ocrx_word' id='word_1_293' title='bbox 2783 3071 2913 3144; x_wconf 86' lang='lat' dir='ltr'><strong>qua</strong></span> <span class='ocrx_word' id='word_1_294' title='bbox 2957 3044 3252 3132; x_wconf 86' lang='lat' dir='ltr'><strong>erudite,</strong></span> <span class='ocrx_word' id='word_1_295' title='bbox 3306 3061 3381 3116; x_wconf 87' lang='lat' dir='ltr'><strong>vt</strong></span> <span class='ocrx_word' id='word_1_296' title='bbox 3418 3041 3615 3130; x_wconf 87' lang='lat' dir='ltr'><strong>solet,</strong></span> 
     </span>
     <span class='ocr_line' id='line_1_25' title="bbox 458 3145 3617 3246; baseline -0.003 -23"><span class='ocrx_word' id='word_1_297' title='bbox 458 3151 769 3223; x_wconf 86' lang='lat' dir='ltr'><strong>Rhodius</strong></span> <span class='ocrx_word' id='word_1_298' title='bbox 800 3153 1103 3246; x_wconf 88' lang='lat' dir='ltr'><strong>loquitur</strong></span> <span class='ocrx_word' id='word_1_299' title='bbox 1137 3150 1210 3218; x_wconf 85' lang='lat' dir='ltr'><strong>in</strong></span> <span class='ocrx_word' id='word_1_300' title='bbox 1255 3150 1503 3220; x_wconf 85' lang='lat' dir='ltr'><strong>Lexico</strong></span> <span class='ocrx_word' id='word_1_301' title='bbox 1544 3145 2000 3222; x_wconf 88' lang='lat' dir='ltr'><strong>Scriboniano.</strong></span> <span class='ocrx_word' id='word_1_302' title='bbox 2104 3151 2500 3244; x_wconf 85' lang='lat' dir='ltr'><strong>Sequuntur</strong></span> <span class='ocrx_word' id='word_1_303' title='bbox 2526 3145 2671 3218; x_wconf 84' lang='lat' dir='ltr'><strong>illa:</strong></span> <span class='ocrx_word' id='word_1_304' title='bbox 2738 3151 3050 3242; x_wconf 79' lang='lat' dir='ltr'><strong>aeruginis</strong></span> <span class='ocrx_word' id='word_1_305' title='bbox 3087 3149 3249 3216; x_wconf 84' lang='lat' dir='ltr'><strong>aeris</strong></span> <span class='ocrx_word' id='word_1_306' title='bbox 3277 3147 3513 3216; x_wconf 71' lang='lat' dir='ltr'><strong>unciam</strong></span> <span class='ocrx_word' id='word_1_307' title='bbox 3552 3166 3617 3228; x_wconf 85' lang='lat'><strong>1,</strong></span> 
     </span>
     <span class='ocr_line' id='line_1_26' title="bbox 459 3239 3612 3341; baseline -0.004 -17"><span class='ocrx_word' id='word_1_308' title='bbox 459 3256 817 3324; x_wconf 83' lang='lat' dir='ltr'><strong>battiturae</strong></span> <span class='ocrx_word' id='word_1_309' title='bbox 844 3251 1083 3321; x_wconf 74' lang='lat' dir='ltr'><strong>calcetis</strong></span> <span class='ocrx_word' id='word_1_310' title='bbox 1103 3253 1341 3323; x_wconf 86' lang='lat' dir='ltr'><strong>vnciam</strong></span> <span class='ocrx_word' id='word_1_311' title='bbox 1369 3272 1424 3321; x_wconf 87' lang='lat'><strong>1.</strong></span> <span class='ocrx_word' id='word_1_312' title='bbox 1519 3253 1587 3321; x_wconf 80' lang='lat' dir='ltr'><strong>Si</strong></span> <span class='ocrx_word' id='word_1_313' title='bbox 1609 3250 1898 3324; x_wconf 88' lang='lat' dir='ltr'><strong>verbum</strong></span> <span class='ocrx_word' id='word_1_314' title='bbox 1924 3253 2277 3333; x_wconf 76' lang='lat' dir='ltr'><strong>battiturae</strong></span> <span class='ocrx_word' id='word_1_315' title='bbox 2308 3246 2656 3341; x_wconf 84' lang='lat' dir='ltr'><strong>aVegetio</strong></span> <span class='ocrx_word' id='word_1_316' title='bbox 2688 3239 2889 3332; x_wconf 72' lang='lat' dir='ltr'><strong>esset,</strong></span> <span class='ocrx_word' id='word_1_317' title='bbox 2941 3245 3090 3317; x_wconf 85' lang='lat' dir='ltr'><strong>satis</strong></span> <span class='ocrx_word' id='word_1_318' title='bbox 3122 3243 3612 3317; x_wconf 80' lang='lat' dir='ltr'><strong>doceretLexi-</strong></span> 
     </span>
     <span class='ocr_line' id='line_1_27' title="bbox 463 3341 3611 3449; baseline -0.003 -27"><span class='ocrx_word' id='word_1_319' title='bbox 463 3346 601 3423; x_wconf 80' lang='lat' dir='ltr'><strong>con</strong></span> <span class='ocrx_word' id='word_1_320' title='bbox 630 3348 1006 3438; x_wconf 85' lang='lat' dir='ltr'><strong>Medicum,</strong></span> <span class='ocrx_word' id='word_1_321' title='bbox 1038 3347 1196 3449; x_wconf 88' lang='lat' dir='ltr'><strong>quid</strong></span> <span class='ocrx_word' id='word_1_322' title='bbox 1223 3348 1656 3445; x_wconf 67' lang='lat' dir='ltr'><strong>significaret:</strong></span> <span class='ocrx_word' id='word_1_323' title='bbox 1710 3355 2048 3425; x_wconf 82' lang='lat' dir='ltr'><strong>Battitara</strong></span> <span class='ocrx_word' id='word_1_324' title='bbox 2075 3355 2118 3428; x_wconf 88' lang='lat' dir='ltr'><strong>i.</strong></span> <span class='ocrx_word' id='word_1_325' title='bbox 2139 3349 2465 3447; x_wconf 81' lang='lat' dir='ltr'><strong>e.squama</strong></span> <span class='ocrx_word' id='word_1_326' title='bbox 2490 3373 2551 3425; x_wconf 84' lang='lat' dir='ltr'><strong>v.</strong></span> <span class='ocrx_word' id='word_1_327' title='bbox 2568 3369 2638 3444; x_wconf 82' lang='lat' dir='ltr'><strong>g.</strong></span> <span class='ocrx_word' id='word_1_328' title='bbox 2658 3347 2990 3422; x_wconf 76' lang='lat' dir='ltr'><strong>Baetitara</strong></span> <span class='ocrx_word' id='word_1_329' title='bbox 3006 3350 3193 3418; x_wconf 84' lang='lat' dir='ltr'><strong>aeris.</strong></span> <span class='ocrx_word' id='word_1_330' title='bbox 3218 3410 3225 3419; x_wconf 76' lang='grc'><strong>,</strong></span> <span class='ocrx_word' id='word_1_331' title='bbox 3295 3350 3488 3421; x_wconf 86' lang='lat' dir='ltr'><strong>Tum</strong></span> <span class='ocrx_word' id='word_1_332' title='bbox 3511 3341 3611 3415; x_wconf 89' lang='lat' dir='ltr'><strong>le-</strong></span> 
     </span>
     <span class='ocr_line' id='line_1_28' title="bbox 466 3440 3610 3549; baseline -0.001 -28"><span class='ocrx_word' id='word_1_333' title='bbox 466 3472 703 3544; x_wconf 84' lang='lat' dir='ltr'><strong>gerem</strong></span> <span class='ocrx_word' id='word_1_334' title='bbox 736 3450 818 3522; x_wconf 84' lang='lat' dir='ltr'><strong>ad</strong></span> <span class='ocrx_word' id='word_1_335' title='bbox 845 3451 1030 3523; x_wconf 88' lang='lat' dir='ltr'><strong>hunc</strong></span> <span class='ocrx_word' id='word_1_336' title='bbox 1057 3440 1370 3525; x_wconf 79' lang='lat' dir='ltr'><strong>modum:</strong></span> <span class='ocrx_word' id='word_1_337' title='bbox 1419 3459 1730 3549; x_wconf 81' lang='lat' dir='ltr'><strong>aeruginis</strong></span> <span class='ocrx_word' id='word_1_338' title='bbox 1752 3458 1991 3528; x_wconf 75' lang='lat' dir='ltr'><strong>vatiam</strong></span> <span class='ocrx_word' id='word_1_339' title='bbox 2017 3476 2080 3539; x_wconf 87' lang='lat'><strong>1,</strong></span> <span class='ocrx_word' id='word_1_340' title='bbox 2096 3455 2263 3525; x_wconf 78' lang='lat' dir='ltr'><strong>aeris</strong></span> <span class='ocrx_word' id='word_1_341' title='bbox 2291 3452 2638 3523; x_wconf 77' lang='lat' dir='ltr'><strong>battiturae</strong></span> <span class='ocrx_word' id='word_1_342' title='bbox 2653 3452 2893 3520; x_wconf 84' lang='lat' dir='ltr'><strong>vnciam</strong></span> <span class='ocrx_word' id='word_1_343' title='bbox 2917 3473 2973 3531; x_wconf 77' lang='grc' dir='ltr'><strong>ι,</strong></span> <span class='ocrx_word' id='word_1_344' title='bbox 2997 3446 3265 3518; x_wconf 77' lang='lat' dir='ltr'><strong>chalcitis</strong></span> <span class='ocrx_word' id='word_1_345' title='bbox 3283 3451 3522 3518; x_wconf 86' lang='lat' dir='ltr'><strong>vnciam</strong></span> <span class='ocrx_word' id='word_1_346' title='bbox 3546 3465 3610 3517; x_wconf 84' lang='lat'><strong>1.</strong></span> 
     </span>
     <span class='ocr_line' id='line_1_29' title="bbox 463 3545 3608 3653; baseline -0 -31"><span class='ocrx_word' id='word_1_347' title='bbox 463 3554 574 3622; x_wconf 89' lang='lat' dir='ltr'><strong>Sic</strong></span> <span class='ocrx_word' id='word_1_348' title='bbox 601 3576 827 3651; x_wconf 88' lang='lat' dir='ltr'><strong>neque</strong></span> <span class='ocrx_word' id='word_1_349' title='bbox 858 3554 1273 3653; x_wconf 85' lang='lat' dir='ltr'><strong>superuacuo</strong></span> <span class='ocrx_word' id='word_1_350' title='bbox 1303 3556 1414 3628; x_wconf 91' lang='lat' dir='ltr'><strong>hic</strong></span> <span class='ocrx_word' id='word_1_351' title='bbox 1441 3554 1884 3629; x_wconf 84' lang='lat' dir='ltr'><strong>scriberemus</strong></span> <span class='ocrx_word' id='word_1_352' title='bbox 1911 3557 2231 3651; x_wconf 78' lang='lat' dir='ltr'><strong>aeruginis</strong></span> <span class='ocrx_word' id='word_1_353' title='bbox 2256 3556 2419 3624; x_wconf 84' lang='lat' dir='ltr'><strong>aeris</strong></span> <span class='ocrx_word' id='word_1_354' title='bbox 2456 3561 2886 3648; x_wconf 85' lang='lat' dir='ltr'><strong>[quanquam</strong></span> <span class='ocrx_word' id='word_1_355' title='bbox 2913 3545 3005 3618; x_wconf 84' lang='lat' dir='ltr'><strong>fic</strong></span> <span class='ocrx_word' id='word_1_356' title='bbox 3034 3545 3188 3618; x_wconf 88' lang='lat' dir='ltr'><strong>alibi</strong></span> <span class='ocrx_word' id='word_1_357' title='bbox 3215 3546 3324 3618; x_wconf 91' lang='lat' dir='ltr'><strong>lib.</strong></span> <span class='ocrx_word' id='word_1_358' title='bbox 3348 3570 3383 3617; x_wconf 87' lang='lat'>2</span> <span class='ocrx_word' id='word_1_359' title='bbox 3419 3569 3474 3615; x_wconf 89' lang='lat' dir='ltr'><strong>c.</strong></span> <span class='ocrx_word' id='word_1_360' title='bbox 3514 3566 3608 3621; x_wconf 73' lang='lat'><strong>22</strong></span> 
     </span>
     <span class='ocr_line' id='line_1_30' title="bbox 461 3644 3651 3755; baseline -0.003 -31"><span class='ocrx_word' id='word_1_361' title='bbox 461 3655 665 3724; x_wconf 86' lang='lat' dir='ltr'><strong>etiam</strong></span> <span class='ocrx_word' id='word_1_362' title='bbox 695 3653 874 3752; x_wconf 85' lang='lat' dir='ltr'><strong>apud</strong></span> <span class='ocrx_word' id='word_1_363' title='bbox 909 3656 1094 3729; x_wconf 85' lang='lat' dir='ltr'><strong>hunc</strong></span> <span class='ocrx_word' id='word_1_364' title='bbox 1122 3653 1499 3731; x_wconf 71' lang='lat' dir='ltr'><strong>Austorem</strong></span> <span class='ocrx_word' id='word_1_365' title='bbox 1525 3659 1849 3743; x_wconf 89' lang='lat' dir='ltr'><strong>inuenio]</strong></span> <span class='ocrx_word' id='word_1_366' title='bbox 1894 3670 1966 3728; x_wconf 85' lang='lat' dir='ltr'><strong>et</strong></span> <span class='ocrx_word' id='word_1_367' title='bbox 1992 3655 2275 3755; x_wconf 85' lang='lat' dir='ltr'><strong>propius</strong></span> <span class='ocrx_word' id='word_1_368' title='bbox 2299 3667 2453 3725; x_wconf 90' lang='lat' dir='ltr'><strong>tum</strong></span> <span class='ocrx_word' id='word_1_369' title='bbox 2482 3650 2565 3723; x_wconf 87' lang='lat' dir='ltr'><strong>ad</strong></span> <span class='ocrx_word' id='word_1_370' title='bbox 2601 3651 2725 3722; x_wconf 86' lang='lat' dir='ltr'><strong>alia</strong></span> <span class='ocrx_word' id='word_1_371' title='bbox 2755 3649 2893 3720; x_wconf 91' lang='lat' dir='ltr'><strong>duo</strong></span> <span class='ocrx_word' id='word_1_372' title='bbox 2922 3644 3268 3748; x_wconf 83' lang='lat' dir='ltr'><strong>propofita</strong></span> <span class='ocrx_word' id='word_1_373' title='bbox 3298 3644 3610 3725; x_wconf 82' lang='lat' dir='ltr'><strong>eiusdem</strong></span> <span class='ocrx_word' id='word_1_374' title='bbox 3644 3668 3651 3675; x_wconf 83' lang='lat'>·</span> 
     </span>
     <span class='ocr_line' id='line_1_31' title="bbox 449 3749 3614 3853; baseline -0.004 -21"><span class='ocrx_word' id='word_1_375' title='bbox 449 3754 620 3843; x_wconf 82' lang='lat' dir='ltr'><strong>loca,</strong></span> <span class='ocrx_word' id='word_1_376' title='bbox 648 3770 794 3828; x_wconf 87' lang='lat' dir='ltr'><strong>tum</strong></span> <span class='ocrx_word' id='word_1_377' title='bbox 825 3756 906 3828; x_wconf 91' lang='lat' dir='ltr'><strong>ad</strong></span> <span class='ocrx_word' id='word_1_378' title='bbox 936 3758 1227 3833; x_wconf 88' lang='lat' dir='ltr'><strong>totidem</strong></span> <span class='ocrx_word' id='word_1_379' title='bbox 1247 3757 1428 3834; x_wconf 84' lang='lat' dir='ltr'><strong>Celsi·</strong></span> <span class='ocrx_word' id='word_1_380' title='bbox 1449 3760 1519 3848; x_wconf 83' lang='grc'><strong>[1.</strong></span> <span class='ocrx_word' id='word_1_381' title='bbox 1543 3783 1580 3853; x_wconf 84' lang='grc' dir='ltr'><strong><em>ς</em></strong></span> <span class='ocrx_word' id='word_1_382' title='bbox 1602 3784 1656 3830; x_wconf 94' lang='lat' dir='ltr'><strong>c.</strong></span> <span class='ocrx_word' id='word_1_383' title='bbox 1681 3787 1712 3832; x_wconf 87' lang='lat'>2</span> <span class='ocrx_word' id='word_1_384' title='bbox 1730 3771 1767 3843; x_wconf 86' lang='lat'>8</span> <span class='ocrx_word' id='word_1_385' title='bbox 1791 3753 1942 3832; x_wconf 70' lang='lat' dir='ltr'><strong>sest.</strong></span> <span class='ocrx_word' id='word_1_386' title='bbox 1969 3780 1998 3831; x_wconf 90' lang='lat'>1</span> <span class='ocrx_word' id='word_1_387' title='bbox 2017 3782 2054 3831; x_wconf 86' lang='lat'><em>2</em></span> <span class='ocrx_word' id='word_1_388' title='bbox 2087 3757 2127 3828; x_wconf 74' lang='lat'><strong>1„</strong></span> <span class='ocrx_word' id='word_1_389' title='bbox 2146 3753 2296 3829; x_wconf 88' lang='lat' dir='ltr'><strong>eod.</strong></span> <span class='ocrx_word' id='word_1_390' title='bbox 2329 3779 2385 3827; x_wconf 86' lang='lat' dir='ltr'><strong>c.</strong></span> <span class='ocrx_word' id='word_1_391' title='bbox 2405 3760 2453 3829; x_wconf 83' lang='lat'>6</span> <span class='ocrx_word' id='word_1_392' title='bbox 2480 3768 2552 3826; x_wconf 90' lang='lat' dir='ltr'><strong>et</strong></span> <span class='ocrx_word' id='word_1_393' title='bbox 2575 3754 2650 3850; x_wconf 94' lang='lat'><strong>7]</strong></span> <span class='ocrx_word' id='word_1_394' title='bbox 2683 3749 3173 3837; x_wconf 87' lang='lat' dir='ltr'><strong>accederemus,</strong></span> <span class='ocrx_word' id='word_1_395' title='bbox 3203 3751 3275 3820; x_wconf 90' lang='lat' dir='ltr'><strong>in</strong></span> <span class='ocrx_word' id='word_1_396' title='bbox 3311 3771 3614 3846; x_wconf 88' lang='lat' dir='ltr'><strong>quorum</strong></span> 
     </span>
     <span class='ocr_line' id='line_1_32' title="bbox 453 3851 3622 3957; baseline -0.002 -31"><span class='ocrx_word' id='word_1_397' title='bbox 453 3856 695 3942; x_wconf 68' lang='lat' dir='ltr'><strong>altem,</strong></span> <span class='ocrx_word' id='word_1_398' title='bbox 716 3858 1006 3954; x_wconf 84' lang='lat' dir='ltr'><strong>collyrio</strong></span> <span class='ocrx_word' id='word_1_399' title='bbox 1023 3859 1335 3937; x_wconf 86' lang='lat' dir='ltr'><strong>aduersus</strong></span> <span class='ocrx_word' id='word_1_400' title='bbox 1353 3858 1600 3935; x_wconf 88' lang='lat' dir='ltr'><strong>fistulas</strong></span> <span class='ocrx_word' id='word_1_401' title='bbox 1622 3860 1807 3933; x_wconf 87' lang='lat' dir='ltr'><strong>addit</strong></span> <span class='ocrx_word' id='word_1_402' title='bbox 1833 3859 2268 3957; x_wconf 66' lang='lat' dir='ltr'><strong>velstluamam</strong></span> <span class='ocrx_word' id='word_1_403' title='bbox 2286 3861 2478 3942; x_wconf 86' lang='lat' dir='ltr'><strong>aeris,</strong></span> <span class='ocrx_word' id='word_1_404' title='bbox 2502 3858 2605 3929; x_wconf 75' lang='lat' dir='ltr'><strong>vel</strong></span> <span class='ocrx_word' id='word_1_405' title='bbox 2628 3857 2989 3950; x_wconf 81' lang='lat' dir='ltr'><strong>aeruginem</strong></span> <span class='ocrx_word' id='word_1_406' title='bbox 3002 3878 3030 3933; x_wconf 78' lang='lat'><strong>,⁶</strong></span> <span class='ocrx_word' id='word_1_407' title='bbox 3054 3853 3127 3923; x_wconf 89' lang='lat' dir='ltr'><strong>in</strong></span> <span class='ocrx_word' id='word_1_408' title='bbox 3144 3851 3354 3922; x_wconf 88' lang='lat' dir='ltr'><strong>altero</strong></span> <span class='ocrx_word' id='word_1_409' title='bbox 3371 3862 3622 3928; x_wconf 10' lang='lat' dir='ltr'><strong>autem,</strong></span> 
     </span>
     <span class='ocr_line' id='line_1_33' title="bbox 453 3952 3612 4058; baseline -0.005 -19"><span class='ocrx_word' id='word_1_410' title='bbox 453 3980 708 4052; x_wconf 69' lang='lat' dir='ltr'><strong>aerugo,</strong></span> <span class='ocrx_word' id='word_1_411' title='bbox 722 3957 1011 4044; x_wconf 78' lang='lat' dir='ltr'><strong>chalcitis,</strong></span> <span class='ocrx_word' id='word_1_412' title='bbox 1029 3958 1194 4058; x_wconf 70' lang='lat' dir='ltr'><strong>misy,</strong></span> <span class='ocrx_word' id='word_1_413' title='bbox 1199 3965 1465 4058; x_wconf 81' lang='lat' dir='ltr'><strong>squama</strong></span> <span class='ocrx_word' id='word_1_414' title='bbox 1485 3969 1652 4036; x_wconf 84' lang='lat' dir='ltr'><strong>aeris</strong></span> <span class='ocrx_word' id='word_1_415' title='bbox 1676 3965 1857 4034; x_wconf 89' lang='lat' dir='ltr'><strong>inter</strong></span> <span class='ocrx_word' id='word_1_416' title='bbox 1872 3960 2202 4047; x_wconf 82' lang='lat' dir='ltr'><strong>rodentia,</strong></span> <span class='ocrx_word' id='word_1_417' title='bbox 2214 3974 2291 4030; x_wconf 83' lang='lat' dir='ltr'><strong>vt</strong></span> <span class='ocrx_word' id='word_1_418' title='bbox 2307 3984 2464 4031; x_wconf 86' lang='lat' dir='ltr'><strong>mox</strong></span> <span class='ocrx_word' id='word_1_419' title='bbox 2482 3961 2687 4030; x_wconf 88' lang='lat' dir='ltr'><strong>etiam</strong></span> <span class='ocrx_word' id='word_1_420' title='bbox 2702 3959 2882 4029; x_wconf 89' lang='lat' dir='ltr'><strong>inter</strong></span> <span class='ocrx_word' id='word_1_421' title='bbox 2898 3952 3247 4025; x_wconf 85' lang='lat' dir='ltr'><strong>exedentia</strong></span> <span class='ocrx_word' id='word_1_422' title='bbox 3262 3977 3384 4051; x_wconf 90' lang='lat' dir='ltr'><strong>rep</strong></span> <span class='ocrx_word' id='word_1_423' title='bbox 3391 3975 3612 4041; x_wconf 77' lang='lat' dir='ltr'><strong>onun-</strong></span> 
     </span>
     <span class='ocr_line' id='line_1_34' title="bbox 451 4053 3647 4163; baseline -0.002 -34"><span class='ocrx_word' id='word_1_424' title='bbox 451 4072 588 4130; x_wconf 87' lang='lat' dir='ltr'><strong>tur.</strong></span> <span class='ocrx_word' id='word_1_425' title='bbox 693 4054 1014 4153; x_wconf 84' lang='lat' dir='ltr'><strong>Denique</strong></span> <span class='ocrx_word' id='word_1_426' title='bbox 1038 4084 1164 4156; x_wconf 88' lang='lat' dir='ltr'><strong>pro</strong></span> <span class='ocrx_word' id='word_1_427' title='bbox 1190 4066 1392 4137; x_wconf 77' lang='lat' dir='ltr'><strong>cimini</strong></span> <span class='ocrx_word' id='word_1_428' title='bbox 1401 4064 1592 4163; x_wconf 76' lang='lat' dir='ltr'><strong>semis</strong></span> <span class='ocrx_word' id='word_1_429' title='bbox 1620 4060 1746 4163; x_wconf 86' lang='lat' dir='ltr'><strong>[vt</strong></span> <span class='ocrx_word' id='word_1_430' title='bbox 1770 4061 2139 4136; x_wconf 87' lang='lat' dir='ltr'><strong>Sambucus</strong></span> <span class='ocrx_word' id='word_1_431' title='bbox 2172 4060 2384 4133; x_wconf 89' lang='lat' dir='ltr'><strong>edidit</strong></span> <span class='ocrx_word' id='word_1_432' title='bbox 2389 4059 2691 4160; x_wconf 80' lang='lat' dir='ltr'><strong>fiminis]</strong></span> <span class='ocrx_word' id='word_1_433' title='bbox 2725 4062 2965 4131; x_wconf 83' lang='lat' dir='ltr'><strong>vnciam</strong></span> <span class='ocrx_word' id='word_1_434' title='bbox 2993 4079 3051 4144; x_wconf 82' lang='lat'><strong>1,</strong></span> <span class='ocrx_word' id='word_1_435' title='bbox 3093 4057 3287 4149; x_wconf 84' lang='lat' dir='ltr'><strong>lego,</strong></span> <span class='ocrx_word' id='word_1_436' title='bbox 3335 4068 3410 4124; x_wconf 83' lang='lat' dir='ltr'><strong>vt</strong></span> <span class='ocrx_word' id='word_1_437' title='bbox 3435 4053 3611 4123; x_wconf 80' lang='lat' dir='ltr'><strong>ratio</strong></span> <span class='ocrx_word' id='word_1_438' title='bbox 3637 4126 3647 4141; x_wconf 22' lang='grc' dir='ltr'>ἱ</span> 
     </span>
    </p>
   </div>
   <div class='ocr_carea' id='block_1_11' title="bbox 319 4155 3609 4262">
    <p class='ocr_par' dir='ltr' id='par_1_11' title="bbox 319 4155 3609 4262">
     <span class='ocr_line' id='line_1_35' title="bbox 319 4155 3609 4262; baseline -0 -36"><span class='ocrx_word' id='word_1_439' title='bbox 319 4184 328 4193; x_wconf 92' lang='lat'><strong>·</strong></span> <span class='ocrx_word' id='word_1_440' title='bbox 453 4155 846 4257; x_wconf 87' lang='lat' dir='ltr'><strong>ponderum</strong></span> <span class='ocrx_word' id='word_1_441' title='bbox 877 4157 1386 4256; x_wconf 82' lang='lat' dir='ltr'><strong>compositionis</strong></span> <span class='ocrx_word' id='word_1_442' title='bbox 1418 4165 1746 4240; x_wconf 90' lang='lat' dir='ltr'><strong>secundae</strong></span> <span class='ocrx_word' id='word_1_443' title='bbox 1787 4162 2143 4253; x_wconf 87' lang='lat' dir='ltr'><strong>monstrat,</strong></span> <span class='ocrx_word' id='word_1_444' title='bbox 2201 4166 2421 4262; x_wconf 81' lang='lat' dir='ltr'><strong>cymini</strong></span> <span class='ocrx_word' id='word_1_445' title='bbox 2425 4159 2863 4259; x_wconf 76' lang='lat' dir='ltr'><strong>fimiunciam3</strong></span> <span class='ocrx_word' id='word_1_446' title='bbox 2911 4155 2960 4230; x_wconf 85' lang='lat' dir='ltr'>fi</span> <span class='ocrx_word' id='word_1_447' title='bbox 2989 4174 3221 4230; x_wconf 89' lang='lat' dir='ltr'><strong>tamen</strong></span> <span class='ocrx_word' id='word_1_448' title='bbox 3253 4156 3366 4227; x_wconf 86' lang='lat' dir='ltr'><strong>hic</strong></span> <span class='ocrx_word' id='word_1_449' title='bbox 3393 4156 3609 4246; x_wconf 76' lang='lat' dir='ltr'><strong>magis</strong></span> 
     </span>
    </p>
   </div>
   <div class='ocr_carea' id='block_1_12' title="bbox 429 4252 3641 5237">
    <p class='ocr_par' dir='ltr' id='par_1_12' title="bbox 429 4252 3641 5179">
     <span class='ocr_line' id='line_1_36' title="bbox 452 4252 3607 4366; baseline 0 -38"><span class='ocrx_word' id='word_1_450' title='bbox 452 4261 810 4330; x_wconf 86' lang='lat' dir='ltr'><strong>cuminum</strong></span> <span class='ocrx_word' id='word_1_451' title='bbox 830 4260 1268 4334; x_wconf 89' lang='lat' dir='ltr'><strong>retinendum</strong></span> <span class='ocrx_word' id='word_1_452' title='bbox 1287 4262 1596 4363; x_wconf 84' lang='lat' dir='ltr'><strong>estquam</strong></span> <span class='ocrx_word' id='word_1_453' title='bbox 1612 4269 1890 4355; x_wconf 83' lang='lat' dir='ltr'><strong>anisum,</strong></span> <span class='ocrx_word' id='word_1_454' title='bbox 1909 4292 2045 4366; x_wconf 74' lang='lat' dir='ltr'><strong>,pro</strong></span> <span class='ocrx_word' id='word_1_455' title='bbox 2067 4268 2344 4338; x_wconf 89' lang='lat' dir='ltr'><strong>cumino</strong></span> <span class='ocrx_word' id='word_1_456' title='bbox 2362 4277 2594 4335; x_wconf 87' lang='lat' dir='ltr'><strong>autem</strong></span> <span class='ocrx_word' id='word_1_457' title='bbox 2614 4261 2777 4360; x_wconf 90' lang='lat' dir='ltr'><strong>quid</strong></span> <span class='ocrx_word' id='word_1_458' title='bbox 2795 4256 3060 4333; x_wconf 81' lang='lat' dir='ltr'><strong>fortass‘e</strong></span> <span class='ocrx_word' id='word_1_459' title='bbox 3077 4254 3297 4358; x_wconf 78' lang='lat' dir='ltr'><strong>poss&#39;et</strong></span> <span class='ocrx_word' id='word_1_460' title='bbox 3310 4252 3607 4345; x_wconf 75' lang='lat' dir='ltr'><strong>rescribi,</strong></span> 
     </span>
     <span class='ocr_line' id='line_1_37' title="bbox 454 4356 3603 4463; baseline -0.001 -32"><span class='ocrx_word' id='word_1_461' title='bbox 454 4356 826 4432; x_wconf 87' lang='lat' dir='ltr'><strong>ostendunt</strong></span> <span class='ocrx_word' id='word_1_462' title='bbox 857 4385 934 4429; x_wconf 91' lang='lat' dir='ltr'><strong>ea</strong></span> <span class='ocrx_word' id='word_1_463' title='bbox 960 4387 1129 4456; x_wconf 85' lang='lat' dir='ltr'><strong>quae</strong></span> <span class='ocrx_word' id='word_1_464' title='bbox 1157 4363 1241 4435; x_wconf 93' lang='lat' dir='ltr'><strong>ad</strong></span> <span class='ocrx_word' id='word_1_465' title='bbox 1271 4383 1475 4463; x_wconf 79' lang='lat' dir='ltr'><strong>caput</strong></span> <span class='ocrx_word' id='word_1_466' title='bbox 1493 4395 1578 4442; x_wconf 84' lang='lat'><strong>22</strong></span> <span class='ocrx_word' id='word_1_467' title='bbox 1609 4371 2103 4443; x_wconf 86' lang='lat' dir='ltr'><strong>adnotauimus.</strong></span> <span class='ocrx_word' id='word_1_468' title='bbox 2202 4371 2299 4439; x_wconf 81' lang='lat' dir='ltr'><strong>Ex</strong></span> <span class='ocrx_word' id='word_1_469' title='bbox 2330 4365 2512 4436; x_wconf 89' lang='lat' dir='ltr'><strong>hisce</strong></span> <span class='ocrx_word' id='word_1_470' title='bbox 2538 4358 2856 4437; x_wconf 87' lang='lat' dir='ltr'><strong>omnibus</strong></span> <span class='ocrx_word' id='word_1_471' title='bbox 2880 4359 3148 4432; x_wconf 79' lang='lat' dir='ltr'><strong>mendis</strong></span> <span class='ocrx_word' id='word_1_472' title='bbox 3176 4383 3388 4431; x_wconf 82' lang='lat' dir='ltr'><strong>vnum</strong></span> <span class='ocrx_word' id='word_1_473' title='bbox 3415 4356 3603 4429; x_wconf 84' lang='lat' dir='ltr'><strong>Rho·-</strong></span> 
     </span>
     <span class='ocr_line' id='line_1_38' title="bbox 451 4458 3602 4570; baseline -0.001 -37"><span class='ocrx_word' id='word_1_474' title='bbox 451 4458 601 4534; x_wconf 87' lang='lat' dir='ltr'><strong>dius</strong></span> <span class='ocrx_word' id='word_1_475' title='bbox 633 4458 834 4554; x_wconf 86' lang='lat' dir='ltr'><strong>[Not.</strong></span> <span class='ocrx_word' id='word_1_476' title='bbox 853 4459 934 4530; x_wconf 91' lang='lat' dir='ltr'><strong>ad</strong></span> <span class='ocrx_word' id='word_1_477' title='bbox 965 4461 1266 4537; x_wconf 86' lang='lat' dir='ltr'><strong>Scribon.</strong></span> <span class='ocrx_word' id='word_1_478' title='bbox 1284 4471 1580 4565; x_wconf 89' lang='lat' dir='ltr'><strong>compos.</strong></span> <span class='ocrx_word' id='word_1_479' title='bbox 1603 4483 1643 4554; x_wconf 81' lang='lat'>8</span> <span class='ocrx_word' id='word_1_480' title='bbox 1661 4496 1692 4545; x_wconf 87' lang='lat'>2</span> <span class='ocrx_word' id='word_1_481' title='bbox 1727 4471 1839 4544; x_wconf 89' lang='lat' dir='ltr'><strong>vel</strong></span> <span class='ocrx_word' id='word_1_482' title='bbox 1866 4472 2100 4570; x_wconf 83' lang='lat' dir='ltr'><strong>potius</strong></span> <span class='ocrx_word' id='word_1_483' title='bbox 2130 4469 2202 4538; x_wconf 90' lang='lat' dir='ltr'><strong>in</strong></span> <span class='ocrx_word' id='word_1_484' title='bbox 2230 4461 2614 4539; x_wconf 62' lang='lat' dir='ltr'><strong>Auaorum</strong></span> <span class='ocrx_word' id='word_1_485' title='bbox 2634 4463 2988 4556; x_wconf 87' lang='lat' dir='ltr'><strong>Catalogo]</strong></span> <span class='ocrx_word' id='word_1_486' title='bbox 3017 4459 3602 4545; x_wconf 82' lang='lat' dir='ltr'><strong>animaduerterat,</strong></span> 
     </span>
     <span class='ocr_line' id='line_1_39' title="bbox 429 4556 3641 4669; baseline -0.001 -35"><span class='ocrx_word' id='word_1_487' title='bbox 429 4558 720 4658; x_wconf 76' lang='lat' dir='ltr'><strong>serulae,</strong></span> <span class='ocrx_word' id='word_1_488' title='bbox 769 4586 1070 4658; x_wconf 88' lang='lat' dir='ltr'><strong>quocum</strong></span> <span class='ocrx_word' id='word_1_489' title='bbox 1103 4580 1177 4635; x_wconf 88' lang='lat' dir='ltr'><strong>vt</strong></span> <span class='ocrx_word' id='word_1_490' title='bbox 1221 4563 1442 4639; x_wconf 86' lang='lat' dir='ltr'><strong>libens</strong></span> <span class='ocrx_word' id='word_1_491' title='bbox 1474 4569 1584 4641; x_wconf 86' lang='lat' dir='ltr'><strong>hic</strong></span> <span class='ocrx_word' id='word_1_492' title='bbox 1626 4571 1837 4663; x_wconf 82' lang='lat' dir='ltr'><strong>faci03</strong></span> <span class='ocrx_word' id='word_1_493' title='bbox 1905 4569 1996 4643; x_wconf 81' lang='lat' dir='ltr'><strong>fic</strong></span> <span class='ocrx_word' id='word_1_494' title='bbox 2023 4567 2403 4669; x_wconf 84' lang='lat' dir='ltr'><strong>adstipulari</strong></span> <span class='ocrx_word' id='word_1_495' title='bbox 2432 4592 2738 4666; x_wconf 85' lang='lat' dir='ltr'><strong>nequeo,</strong></span> <span class='ocrx_word' id='word_1_496' title='bbox 2783 4561 2898 4637; x_wconf 82' lang='lat' dir='ltr'><strong>vbi</strong></span> <span class='ocrx_word' id='word_1_497' title='bbox 2935 4567 3059 4653; x_wconf 94' lang='lat' dir='ltr'><strong>[N</strong></span> <span class='ocrx_word' id='word_1_498' title='bbox 3064 4558 3272 4637; x_wconf 75' lang='lat' dir='ltr'><strong>ot.‚ad</strong></span> <span class='ocrx_word' id='word_1_499' title='bbox 3296 4556 3599 4654; x_wconf 85' lang='lat' dir='ltr'><strong>compos.</strong></span> <span class='ocrx_word' id='word_1_500' title='bbox 3631 4598 3641 4607; x_wconf 88' lang='lat'>·</span> 
     </span>
     <span class='ocr_line' id='line_1_40' title="bbox 457 4658 3604 4772; baseline 0.003 -36"><span class='ocrx_word' id='word_1_501' title='bbox 457 4662 638 4765; x_wconf 81' lang='lat'><em>142]</em></span> <span class='ocrx_word' id='word_1_502' title='bbox 671 4665 741 4733; x_wconf 90' lang='lat' dir='ltr'><strong>in</strong></span> <span class='ocrx_word' id='word_1_503' title='bbox 775 4678 1081 4736; x_wconf 80' lang='lat' dir='ltr'><strong>extremo</strong></span> <span class='ocrx_word' id='word_1_504' title='bbox 1113 4665 1459 4765; x_wconf 88' lang='lat' dir='ltr'><strong>superiore</strong></span> <span class='ocrx_word' id='word_1_505' title='bbox 1486 4676 1702 4771; x_wconf 80' lang='lat' dir='ltr'><strong>capite</strong></span> <span class='ocrx_word' id='word_1_506' title='bbox 1739 4699 1863 4770; x_wconf 85' lang='lat'><strong>23:</strong></span> <span class='ocrx_word' id='word_1_507' title='bbox 1894 4672 2117 4772; x_wconf 84' lang='lat' dir='ltr'><strong>fistula</strong></span> <span class='ocrx_word' id='word_1_508' title='bbox 2122 4670 2189 4765; x_wconf 86' lang='lat' dir='ltr'><em>st</em></span> <span class='ocrx_word' id='word_1_509' title='bbox 2219 4674 2512 4756; x_wconf 71' lang='lat' dir='ltr'><strong>evenerit,</strong></span> <span class='ocrx_word' id='word_1_510' title='bbox 2558 4684 2635 4742; x_wconf 84' lang='lat' dir='ltr'><strong>vt</strong></span> <span class='ocrx_word' id='word_1_511' title='bbox 2642 4668 2841 4764; x_wconf 72' lang='lat' dir='ltr'><strong>stapra</strong></span> <span class='ocrx_word' id='word_1_512' title='bbox 2869 4663 3329 4761; x_wconf 80' lang='lat' dir='ltr'><strong>demonstratum</strong></span> <span class='ocrx_word' id='word_1_513' title='bbox 3347 4658 3446 4754; x_wconf 67' lang='lat' dir='ltr'><strong>est,</strong></span> <span class='ocrx_word' id='word_1_514' title='bbox 3473 4683 3604 4750; x_wconf 63' lang='lat' dir='ltr'><strong>Pa*</strong></span> 
     </span>
     <span class='ocr_line' id='line_1_41' title="bbox 431 4761 3600 4871; baseline 0.001 -38"><span class='ocrx_word' id='word_1_515' title='bbox 431 4788 601 4863; x_wconf 76' lang='lat' dir='ltr'><strong>pyro</strong></span> <span class='ocrx_word' id='word_1_516' title='bbox 627 4780 692 4837; x_wconf 79' lang='lat' dir='ltr'><strong>et</strong></span> <span class='ocrx_word' id='word_1_517' title='bbox 718 4765 975 4861; x_wconf 79' lang='lat' dir='ltr'><strong>collyrio</strong></span> <span class='ocrx_word' id='word_1_518' title='bbox 997 4775 1240 4859; x_wconf 79' lang='lat' dir='ltr'><strong>poterit</strong></span> <span class='ocrx_word' id='word_1_519' title='bbox 1253 4769 1601 4865; x_wconf 67' lang='lat' dir='ltr'><strong>perfinari,</strong></span> <span class='ocrx_word' id='word_1_520' title='bbox 1631 4775 2003 4869; x_wconf 87' lang='lat' dir='ltr'><strong>legendum</strong></span> <span class='ocrx_word' id='word_1_521' title='bbox 2019 4774 2316 4860; x_wconf 84' lang='lat' dir='ltr'><strong>coniicit,</strong></span> <span class='ocrx_word' id='word_1_522' title='bbox 2348 4772 2603 4871; x_wconf 76' lang='lat' dir='ltr'><strong>collyrio</strong></span> <span class='ocrx_word' id='word_1_523' title='bbox 2622 4796 2701 4842; x_wconf 84' lang='lat' dir='ltr'><strong>ex</strong></span> <span class='ocrx_word' id='word_1_524' title='bbox 2716 4793 2987 4867; x_wconf 79' lang='lat' dir='ltr'><strong>papyro.</strong></span> <span class='ocrx_word' id='word_1_525' title='bbox 3088 4768 3278 4833; x_wconf 86' lang='lat' dir='ltr'><strong>Nam</strong></span> <span class='ocrx_word' id='word_1_526' title='bbox 3295 4761 3600 4859; x_wconf 80' lang='lat' dir='ltr'><strong>primum</strong></span> 
     </span>
     <span class='ocr_line' id='line_1_42' title="bbox 445 4857 3597 4972; baseline 0.005 -37"><span class='ocrx_word' id='word_1_527' title='bbox 445 4888 802 4963; x_wconf 81' lang='lat' dir='ltr'><strong>papyrum,</strong></span> <span class='ocrx_word' id='word_1_528' title='bbox 833 4863 1080 4939; x_wconf 89' lang='lat' dir='ltr'><strong>deinde</strong></span> <span class='ocrx_word' id='word_1_529' title='bbox 1108 4886 1373 4942; x_wconf 79' lang='lat' dir='ltr'><strong>exemta</strong></span> <span class='ocrx_word' id='word_1_530' title='bbox 1397 4896 1684 4969; x_wconf 89' lang='lat' dir='ltr'><strong>papyr0,</strong></span> <span class='ocrx_word' id='word_1_531' title='bbox 1715 4877 2092 4972; x_wconf 84' lang='lat' dir='ltr'><strong>collyrium,</strong></span> <span class='ocrx_word' id='word_1_532' title='bbox 2123 4875 2321 4972; x_wconf 87' lang='lat' dir='ltr'><strong>quale</strong></span> <span class='ocrx_word' id='word_1_533' title='bbox 2349 4873 2462 4945; x_wconf 90' lang='lat' dir='ltr'><strong>hic</strong></span> <span class='ocrx_word' id='word_1_534' title='bbox 2497 4869 2907 4955; x_wconf 87' lang='lat' dir='ltr'><strong>describitur,</strong></span> <span class='ocrx_word' id='word_1_535' title='bbox 2938 4865 3221 4945; x_wconf 82' lang='lat' dir='ltr'><strong>immitti</strong></span> <span class='ocrx_word' id='word_1_536' title='bbox 3243 4865 3318 4935; x_wconf 74' lang='lat' dir='ltr'><strong>in</strong></span> <span class='ocrx_word' id='word_1_537' title='bbox 3345 4857 3597 4934; x_wconf 59' lang='lat' dir='ltr'><strong>fistulss</strong></span> 
     </span>
     <span class='ocr_line' id='line_1_43' title="bbox 444 4962 3598 5072; baseline 0 -39"><span class='ocrx_word' id='word_1_538' title='bbox 444 4969 817 5065; x_wconf 84' lang='lat' dir='ltr'><strong>vegetium</strong></span> <span class='ocrx_word' id='word_1_539' title='bbox 830 4965 1080 5059; x_wconf 85' lang='lat' dir='ltr'><strong>iubere,</strong></span> <span class='ocrx_word' id='word_1_540' title='bbox 1114 4998 1257 5044; x_wconf 89' lang='lat' dir='ltr'><strong>non</strong></span> <span class='ocrx_word' id='word_1_541' title='bbox 1275 4972 1485 5045; x_wconf 91' lang='lat' dir='ltr'><strong>modo</strong></span> <span class='ocrx_word' id='word_1_542' title='bbox 1506 4997 1587 5043; x_wconf 84' lang='lat' dir='ltr'><strong>ex</strong></span> <span class='ocrx_word' id='word_1_543' title='bbox 1603 4972 2061 5072; x_wconf 44' lang='lat' dir='ltr'><strong>hossiiliisque</strong></span> <span class='ocrx_word' id='word_1_544' title='bbox 2089 4975 2395 5048; x_wconf 83' lang='lat' dir='ltr'><strong>indicatis</strong></span> <span class='ocrx_word' id='word_1_545' title='bbox 2423 4971 2507 5047; x_wconf 82' lang='lat' dir='ltr'><strong>ab</strong></span> <span class='ocrx_word' id='word_1_546' title='bbox 2527 4970 2799 5043; x_wconf 88' lang='lat' dir='ltr'><strong>Rhodio</strong></span> <span class='ocrx_word' id='word_1_547' title='bbox 2816 4968 2960 5068; x_wconf 89' lang='lat' dir='ltr'><strong>ipso</strong></span> <span class='ocrx_word' id='word_1_548' title='bbox 2980 4962 3328 5064; x_wconf 80' lang='lat' dir='ltr'><strong>capitibus,</strong></span> <span class='ocrx_word' id='word_1_549' title='bbox 3353 4985 3598 5036; x_wconf 88' lang='lat' dir='ltr'><strong>verum</strong></span> 
     </span>
     <span class='ocr_line' id='line_1_44' title="bbox 444 5062 3596 5179; baseline 0.006 -40"><span class='ocrx_word' id='word_1_550' title='bbox 444 5088 526 5139; x_wconf 86' lang='lat' dir='ltr'><strong>ex</strong></span> <span class='ocrx_word' id='word_1_551' title='bbox 565 5065 818 5147; x_wconf 77' lang='lat' dir='ltr'><strong>eodem</strong></span> <span class='ocrx_word' id='word_1_552' title='bbox 839 5090 1119 5173; x_wconf 83' lang='lat' dir='ltr'><strong>quoque</strong></span> <span class='ocrx_word' id='word_1_553' title='bbox 1150 5077 1373 5176; x_wconf 83' lang='lat' dir='ltr'><strong>capite</strong></span> <span class='ocrx_word' id='word_1_554' title='bbox 1394 5099 1490 5174; x_wconf 82' lang='lat'><strong>23</strong></span> <span class='ocrx_word' id='word_1_555' title='bbox 1513 5073 1670 5152; x_wconf 73' lang='lat' dir='ltr'><strong>satis</strong></span> <span class='ocrx_word' id='word_1_556' title='bbox 1696 5087 1968 5179; x_wconf 82' lang='lat' dir='ltr'><strong>poterat</strong></span> <span class='ocrx_word' id='word_1_557' title='bbox 1998 5077 2402 5172; x_wconf 82' lang='lat' dir='ltr'><strong>intelligere,</strong></span> <span class='ocrx_word' id='word_1_558' title='bbox 2432 5089 2640 5172; x_wconf 79' lang='lat' dir='ltr'><strong>atque</strong></span> <span class='ocrx_word' id='word_1_559' title='bbox 2674 5070 2843 5147; x_wconf 86' lang='lat' dir='ltr'><strong>adeo</strong></span> <span class='ocrx_word' id='word_1_560' title='bbox 2878 5093 2960 5144; x_wconf 79' lang='lat' dir='ltr'><strong>ex</strong></span> <span class='ocrx_word' id='word_1_561' title='bbox 2988 5065 3207 5157; x_wconf 69' lang='lat' dir='ltr'><strong>verbis</strong></span> <span class='ocrx_word' id='word_1_562' title='bbox 3230 5062 3397 5171; x_wconf 63' lang='lat' dir='ltr'><strong>ipsis,</strong></span> <span class='ocrx_word' id='word_1_563' title='bbox 3420 5086 3596 5158; x_wconf 57' lang='lat' dir='ltr'><strong>qm*</strong></span> 
     </span>
    </p>

    <p class='ocr_par' dir='ltr' id='par_1_13' title="bbox 3210 5185 3588 5237">
     <span class='ocr_line' id='line_1_45' title="bbox 3210 5185 3588 5237; baseline 0.016 -10"><span class='ocrx_word' id='word_1_564' title='bbox 3210 5220 3219 5227; x_wconf 90' lang='lat'><strong>-</strong></span> <span class='ocrx_word' id='word_1_565' title='bbox 3355 5185 3588 5237; x_wconf 88' lang='lat' dir='ltr'><strong>emen-</strong></span> 
     </span>
    </p>
   </div>
  </div>
 </body>
</html>
