4942 6167
1109 441 1276 515 nn.
1326 430 1955 514 MORGAGNJ
2001 410 2338 517 ΕΡῙςΤῙ
2375 441 2493 531 IV,
2542 439 2722 555 §.¹27
2756 454 2827 515 et
2863 453 2976 528 28.
3168 448 3181 455 ·
3413 471 3589 543 409.

406 620 580 699 neam'
615 626 842 697 bibant.
940 574 1258 697 Sambuoi
1302 624 1592 699 Codices
1631 651 1759 728 pro
1806 627 2167 725 diligentius
2217 624 2477 701 habent
2513 628 2975 729 diligentiffime.
3067 632 3296 726 Magis
3334 646 3571 711 tamen

408 728 582 800 mihi
609 729 913 828 placeret
951 731 1296 826 diligentis.
1535 752 1560 777 ⁸
2313 792 2314 799 ,
2814 752 2821 771 ·
3414 776 3425 783 ,

556 888 560 893 ’
613 885 668 973 §.
708 906 819 979 27.
870 889 1041 979 Veg.
1079 906 1140 979 3,
1176 908 1237 971 2,
1266 906 1340 977 4.
1439 889 1535 957 Ca
1585 938 1600 954 .
1639 906 1677 956 2
1733 896 1861 957 {ret
1883 882 2077 979 semis
2114 890 2321 959 uncins
2337 885 2609 985 squillae
2642 863 2995 961 minutatini
3041 888 3341 987 conciliis,
3371 917 3568 986 prae·

405 990 578 1060 terea
604 992 845 1059 radices
872 1000 1117 1059 tenerae
1134 991 1436 1080 popinam
1466 908 1705 1082 effgfflzs
1731 1002 1797 1059 et
1818 990 2149 1086 diligenter
2190 990 2350 1061 lotas
2388 995 2737 1062 contendes
2764 994 2829 1061 in
2851 992 3028 1083 pila,
3082 1004 3144 1064 et
3187 999 3315 1065 tria
3358 1020 3438 1067 ex
3471 999 3566 1070 his

403 1091 687 1184 pondera
718 1092 929 1160 addito
948 1086 1407 1184 stxtariostzlis
1433 1091 1496 1158 in
1529 1087 1665 1161 vini
1670 1087 1909 1183 septem
1912 1088 2238 1184 sextarios
2267 1095 2503 1168 mittes.
2597 1091 2807 1163 Haud
2838 1091 3081 1164 inutile
3122 1091 3219 1165 est
3249 1095 3566 1168 conferre
3614 1134 3625 1145 ·

409 1191 586 1262 haec
610 1215 772 1263 cum
797 1192 875 1262 iis
906 1216 1078 1291 quae
1109 1215 1251 1290 cap.
1284 1213 1376 1284 75
1420 1187 1726 1261 eiusdem
1771 1192 1870 1261 rei
1916 1193 2127 1283 gratia
2216 1205 2692 1295 roponuntur:
2768 1196 2990 1266 Radix
3007 1191 3278 1293 styllae,
3328 1203 3567 1289 radices
3690 1232 3694 1243 ·
3796 1166 3802 1173 “

235 1292 244 1300 ’
394 1295 660 1389 populi,
711 1318 867 1392 quae
901 1296 1138 1366 Graece
1165 1293 1524 1386 appellatur
1551 1290 1849 1364 rhamnos
1878 1301 2064 1386 [nam
2101 1319 2134 1364 e
2198 1291 2431 1388 fiaftior
2460 1313 2530 1368 et
2551 1294 2895 1395 nubellula]
2940 1310 3005 1367 et
3011 1294 3192 1390 stzIes
3229 1323 3567 1373 communes

495 1394 937 1490 *mfiifficit
967 1401 1167 1468 mittes
1189 1400 1254 1465 in
1283 1419 1532 1491 aquam
1625 1397 1800 1464 Non
1825 1391 2122 1482 inficior,
2173 1392 2306 1466 effe
2334 1410 2627 1494 vtroque
2652 1400 2725 1468 in
2750 1397 2909 1469 loco
2952 1397 3077 1470 alia
3118 1424 3289 1497 quae
3329 1425 3563 1473 emen‘

407 1421 758 1568 {zeonem
789 1493 1197 1584 desiderent,
1245 1510 1478 1567 tamen
1509 1522 1589 1567 ex
1618 1493 1914 1567 secundo
1943 1495 2378 1589 intelligitur,
2429 1494 2617 1570 reste
2650 1502 2723 1570 in
2802 1501 2975 1570 rimo
3016 1499 3332 1572 Sambuci
3360 1502 3564 1575 Codi-

411 1622 523 1669 ces
552 1595 803 1670 habere
819 1603 1044 1693 populi
1072 1623 1199 1696 pro
1226 1602 1555 1691 popinam,
1586 1599 1704 1694 qui
1727 1610 1958 1671 tamen
1987 1597 2274 1671 Codices
2305 1601 2376 1670 in
2405 1598 2702 1671 secundo
2758 1600 2853 1670 ibi
2878 1624 3021 1671 non
3056 1600 3382 1675 constant.
3444 1607 3575 1677 Vi..

411 1696 620 1770 ciffim
650 1727 728 1772 ex
760 1700 988 1798 primo
1016 1697 1219 1786 subit,
1249 1701 1324 1770 in
1347 1697 1643 1771 fecundo
1691 1697 1827 1770 efle
1861 1724 1991 1798 pro
2014 1699 2192 1795 fides
2228 1722 2570 1775 communes
2614 1698 2987 1795 legendum
3002 1701 3168 1799 salis
3208 1709 3559 1780 communis.

409 1802 775 1877 Caeterum
801 1802 1104 1875 nubellula
1128 1800 1325 1875 facile
1355 1800 1621 1873 videtur
1650 1800 2057 1873 mutandum
2091 1803 2169 1874 in
2195 1805 2450 1876 rubelta.

617 1962 671 2050 §.
708 1971 820 2045 28.
869 1965 1042 2052 Veg.
1083 1981 1143 2055 3,
1176 1982 1237 2049 2,
1275 1983 1360 2032 12
1392 1972 1464 2032 et
1489 1983 1545 2030 c.
1576 1969 1691 2052 ες.
1787 1957 2048 2031 Eodem
2088 1962 2309 2059 capite
2361 1985 2399 2033 2
2451 1957 2784 2059 quaedam
2822 1960 2981 2033 sunt
3007 1984 3178 2035 cum
3211 1957 3563 2060 postremo

317 2146 328 2153 ,
413 2060 617 2133 huius
647 2057 799 2132 libri
825 2063 1045 2160 capite
1061 2060 1547 2161 comparanda3
1592 2076 1886 2164 vtroque
1900 2064 2081 2133 enim
2101 2065 2173 2133 in
2204 2062 2361 2135 loco
2378 2065 2601 2173 agitur
2617 2061 2703 2133 de
2718 2059 3032 2134 remediis
3048 2060 3360 2136 aduersus
3388 2065 3562 2138 sum·

413 2177 567 2235 tum
594 2165 776 2234 inter
803 2161 1077 2263 pabula,
1105 2160 1393 2256 gallinae
1418 2161 1681 2253 fimum,
1711 2178 1782 2234 et
1806 2165 2103 2235 tormina
2130 2163 2294 2235 hinc
2325 2177 2489 2235 orta.
2590 2164 2819 2236 Primo
2844 2165 3053 2256 igitur
3080 2166 3151 2235 in
3177 2162 3334 2236 loco
3363 2163 3564 2237 habe·

413 2289 571 2339 mus
614 2265 813 2336 haec:
885 2269 1052 2358 Apii
1057 2266 1321 2362 seminis
1355 2270 1565 2338 vneias
1610 2288 1645 2359 3
1667 2321 1686 2354 ,
1750 2269 1956 2337 cimini
1970 2262 2336 2361 sextarium
2375 2265 2601 2359 semis,
2652 2281 2717 2339 et·
2755 2271 2915 2351 dues·
2950 2266 3145 2338 libras
3184 2266 3375 2341 mellis
3408 2290 3564 2339 com-

413 2366 656 2463 milites,
710 2380 773 2438 et
800 2362 1072 2461 tepidum
1086 2392 1214 2460 per
1241 2392 1314 2439 os
1342 2366 1643 2461 infundes.
1739 2370 1824 2437 In
1866 2366 2077 2438 altero
2109 2382 2340 2439 autem
2378 2365 2584 2438 haec:
2635 2369 2772 2462 apii
2784 2365 3050 2463 fiminis
3081 2370 3317 2440 deteris
3355 2371 3566 2441 vneias
3666 2414 3677 2423 x

335 2506 342 2515 »
419 2493 487 2555 2,
526 2483 592 2541 et
621 2494 750 2541 cum
781 2472 914 2540 vini
939 2472 1174 2541 veteris
1174 2467 1491 2564 sextario,
1542 2479 1605 2539 et
1626 2466 1870 2540 hemina
1900 2470 2090 2540 mellis
2112 2482 2446 2565 temer-as,
2489 2482 2552 2541 et
2580 2494 2704 2562 per
2744 2495 2814 2541 os
2855 2467 3149 2564 defimdie.
3248 2472 3381 2541 Me
3416 2494 3566 2543 non
3646 2506 3655 2515 κ

417 2572 771 2670 praeterit,
814 2571 1170 2643 cuminum
1200 2568 1285 2641 ad
1311 2570 1609 2643 tormina
1634 2596 1673 2641 a
1697 2568 2092 2646 Dioscoride
2133 2570 2217 2660 [1.
2241 2597 2274 2668 3
2313 2597 2371 2643 c.
2391 2572 2428 2665 ς’
2439 2576 2528 2663 9]
2560 2569 2843 2657 laudari3
2884 2595 2974 2642 ne
2998 2585 3231 2642 tamen
3254 2569 3368 2642 hic
3396 2596 3566 2670 quo·

418 2696 584 2771 que,
614 2688 691 2743 vt
717 2669 870 2745 alibi
900 2670 1348 2745 iudicauimus
1365 2728 1382 2758 ,
1418 2675 1623 2744 cimini
1651 2671 1978 2771 scriptum
2003 2668 2085 2744 fit
2109 2672 2454 2760 mendose,
2503 2669 2877 2745 videndum
2904 2667 3036 2760 est;
3081 2675 3219 2751 vini
3249 2673 3436 2745 enim
3458 2697 3564 2747 ve·

419 2780 574 2849 teris
598 2777 673 2847 in
701 2774 912 2846 altero
944 2766 1039 2844 est
1067 2772 1244 2845 loco.
1341 2775 1516 2845 Mox
1543 2773 1771 2871 primo
1797 2777 1870 2844 in
1898 2773 2056 2845 loco
2081 2773 2252 2855 haec
2291 2775 2705 2870 sequuntur:
2754 2772 2933 2870 Gisni
2968 2798 3217 2889 quoque⁸
3241 2799 3371 2847 cum
3413 2779 3565 2848 viiio
3630 2844 3638 2853 ,

417 2880 690 2952 deterere
705 2933 723 2965 ,
773 2890 836 2949 et
847 2901 966 2971 per
995 2901 1069 2950 os
1096 2879 1246 2948 dare
1272 2876 1543 2946 creditur
1563 2871 1860 2971 filatare
1897 2878 2260 2948 remedium.
2356 2876 2682 2949 Lixiuium
2722 2885 2964 2973 quoque
3003 2898 3086 2948 ex
3129 2880 3350 2949 arbore
3392 2876 3566 2960 vimi.

415 2981 522 3056 vel
554 2984 953 3074 &iuscunque
989 2982 1240 3074 generis
1296 2977 1453 3071 ligni
1502 2977 1786 3062 cinerem,
1852 2979 2173 3053 dummodo
2219 2978 2365 3050 bene
2409 2976 2640 3051 coetum
2659 3034 2677 3066 ,
2733 3002 2869 3049 eum
2910 2976 3043 3049 oleo
3098 2976 3390 3073 mifiebie,
3434 2993 3564 3051 etc.

417 3079 688 3163 Quibus
718 3084 791 3151 in
817 3079 1031 3150 altero
1049 3070 1170 3146 'illa
1197 3073 1644 3173 respondent:
1698 3078 1854 3150 Tres
1883 3074 2121 3171 pilulas
2144 3076 2314 3180 g'ipfi
2337 3102 2470 3149 cum
2508 3082 2655 3150 vino
2703 3081 2906 3151 veteri
2946 3083 3250 3162 deterere,
3297 3092 3364 3152 et
3404 3082 3566 3174 tepi-

416 3188 562 3255 dum
576 3208 697 3277 per
724 3207 796 3283 qs
824 3184 1006 3263 dare',
1052 3180 1255 3248 eadem
1288 3180 1515 3268 optime
1523 3174 1760 3271 fhnere
1767 3180 2109 3276 firmatur.
2211 3182 2545 3252 Lixiuium
2574 3201 2807 3276 quoque
2849 3183 2924 3249 de
2974 3181 3201 3251 arbore
3226 3179 3420 3269 υἱώ,
3465 3176 3575 3253 ve!

420 3289 828 3381 cuiuscunque
865 3282 1111 3377 generis
1129 3278 1306 3373 ·'ligni
1339 3280 1623 3365 cinerem,
1688 3284 2013 3353 dummodo
2066 3282 2210 3353 bene
2256 3294 2483 3354 cretum
2528 3304 2658 3351 eum
2696 3281 2825 3350 oleo
2865 3274 3127 3372 mistere.
3224 3278 3568 3379 Equidem

421 3385 586 3485 gifiu'
614 3380 777 3480 quid
806 3376 904 3467 fit,
932 3380 1212 3471 ignor03
1257 3377 1371 3450 sed
1399 3376 1564 3452 illud
1592 3380 1761 3468 scio,
1793 3383 2083 3481 gypsum
2117 3376 2453 3475 ingestum
2483 3380 2591 3452 vel
2623 3376 3041 3469 interficere,
3070 3395 3147 3452 vt
3172 3379 3291 3454 suo
3320 3381 3568 3456 confir-

426 3486 642 3557 mauit
672 3481 985 3580 exemplo
1018 3486 1088 3554 C.
1117 3479 1502 3553 Proculeius
1547 3482 1757 3577 [Plin.
1787 3488 1951 3554 Nat.
1979 3483 2216 3556 Hist.·l.
2248 3492 2337 3579 36
2369 3508 2424 3554 c.
2463 3484 2633 3576 24],
2678 3481 2789 3554 vel
2817 3480 3129 3554 dolorem
3154 3485 3441 3570 ventris,
3490 3494 3569 3556 vt

424 3580 810 3658 Scribonius
840 3581 1189 3685 [compos.
1225 3588 1316 3657 16
1324 3581 1401 3758 Ἴ
1436 3581 1669 3671 docet,
1712 3584 1971 3683 aliaque
2002 3589 2204 3659 etiam
2232 3586 2542 3678 grauiora
2566 3582 2740 3655 mala
2763 3579 3029 3672 afferre,
3056 3586 3363 3683 itemque
3394 3586 3568 3657 Scri-

419 3680 1299 3774 bonium,.etDioscorid'em
1333 3691 1362 3777 [
1404 3692 1488 3760 ‚6
1512 3711 1568 3758 c.
1590 3688 1732 3778 ²4]
1767 3685 2080 3761 aduersus
2111 3688 2423 3788 gypsum,
2454 3684 2759 3758 eiusdem
2792 3687 3059 3778 generis
3075 3682 3396 3758 auxilium
3422 3686 3564 3758 lau-

420 3789 595 3878 dare,
629 3792 816 3864 cuius
849 3793 1116 3884 generis
1135 3787 1286 3891 post
1307 3789 1620 3889 gypsum,
1652 3783 1829 3886 quafi
1849 3787 2031 3863 idem
2046 3785 2282 3891 poss‘et,
2316 3788 2430 3861 hic
2456 3786 2680 3863 subdit
2694 3788 3047 3880 Vegetius,
3077 3785 3398 3861 videlicet
3423 3785 3565 3881 lixi-

417 3895 609 3964 vium
632 3894 911 3964 ecinere
941 3895 1453 3966 sarmentorum.
1506 3895 1746 3989 Itaque
1773 3894 1960 3992 gypfi
1973 3918 2116 3965 non
2144 3891 2338 3964 facile
2355 3889 2633 3991 quidem
2660 3891 2963 3983 legerim,
2989 3889 3380 3990 praesertim
3400 3914 3575 3964 cum

422 3991 662 4092 pilulas
692 3997 794 4079 [vt
819 3991 1101 4091 cupressi
1131 3991 1282 4090 post
1308 3995 1602 4068 Plinium
1635 3996 1797 4064 Nat.
1814 3990 1986 4066 Hist.
2014 3994 2059 4066 l.
2088 4016 2175 4090 17
2192 4019 2246 4066 c.
2277 4018 2363 4068 ιο
2391 3994 2434 4065 l.
2458 4018 2553 4085 24
2578 4020 2632 4066 c.
2655 4016 2692 4087 5
2728 3991 2930 4080 solet]
2964 4017 3106 4064 non
3136 3990 3399 4065 videam
3432 4016 3565 4091 qua

421 4096 685 4166 ratione
713 4088 907 4190 gypsi
939 4090 1161 4164 dicere
1184 4099 1515 4188 vegetius
1550 4098 1873 4195 potuerit.
1971 4092 2167 4169 Idem
2207 4094 2321 4168 lib.
2358 4120 2411 4190 4
2434 4120 2489 4167 c.
2528 4105 2566 4179 8
2625 4091 2708 4167 ad
2736 4100 3001 4168 iumenta
3030 4121 3069 4167 a
3099 4100 3328 4168 morbis
3365 4098 3566 4169 vindi·
3624 4134 3629 4139 ·

421 4198 647 4282 canda,
696 4210 759 4266 et
786 4191 1163 4287 custodienda
1188 4196 1365 4266 inter
1397 4213 1660 4270 caetera
1690 4201 2020 4298 proponit
2045 4199 2211 4297 gilhi
2230 4198 2476 4291 nfioeluti
2505 4196 2818 4297 pqstillum
2856 4223 3065 4270 vnum.
3172 4184 3562 4297 Aliquando
3705 4258 3723 4271 ,

424 4295 584 4384 fuit,
645 4319 804 4393 cum
833 4294 1225 4391 suspicarer,
1269 4292 1603 4372 Librarios
1632 4325 1761 4399 pro
1779 4299 1923 4399 gith
1951 4295 2263 4400 scripfiss‘e
2282 4299 2446 4397 githi
2469 4298 2847 4397 vel-githni,
2893 4313 3010 4369 aut
3035 4297 3257 4398 ipsum
3283 4322 3563 4398 quoque

285 4396 292 4409 '
420 4398 794 4491 vegetium
827 4395 1148 4492 scriptum
1174 4394 1507 4496 reliquisse
1529 4404 1690 4500 giffi
1718 4411 1915 4497 [nam
1942 4403 2159 4499 vulga,
2181 4416 2257 4473 vt
2284 4398 2618 4498 Sofipater
2645 4396 2853 4471 Instit.
2869 4398 3173 4471 Gramm.
3198 4399 3241 4471 l.
3269 4423 3294 4471 1
3323 4395 3579 4470 austor.

427 4495 540 4586 est,
565 4499 669 4569 hoc
687 4496 851 4595 giffi
879 4499 1196 4587 dicebant]
1226 4511 1299 4568 et
1326 4523 1455 4597 pro
1484 4501 1687 4576 huius
1720 4503 1943 4602 pilulis
1978 4501 2331 4575 melanthii
2361 4502 2654 4601 capitula
2682 4497 3045 4574 seminibus
3087 4499 3276 4573 foeta
3301 4495 3432 4570 effe
3458 4501 3559 4568 in-

423 4596 810 4690 telligenda·
907 4593 1038 4667 Sed
1062 4612 1141 4667 tu
1169 4598 1432 4688 melius,
1466 4605 1577 4674 cui
1603 4630 1743 4676 non
1761 4603 1982 4677 tmodo
2009 4605 2158 4677 loca
2185 4607 2415 4675 omnia
2442 4598 2790 4703 perspeRa
2821 4603 2975 4675 sunt
2990 4599 3180 4688 Celfi,
3204 4598 3560 4687 Scribonii,

429 4699 869 4784 Columellae,
908 4698 1121 4785 Plinii,
1156 4697 1445 4788 Palladii,
1483 4706 1810 4792 Marcelli,
1852 4722 1924 4776 et
1949 4700 1999 4778 fi
2028 4709 2145 4805 qui
2176 4706 2286 4779 alii
2318 4706 2718 4778 Latinorum
2746 4704 2831 4776 de
2862 4706 2981 4777 suo
3013 4700 3205 4789 Gith,
3258 4696 3397 4771 fine
3434 4701 3563 4773 Gir

323 4886 332 4909 ,ι
426 4804 852 4875 mentionem
866 4798 1109 4888 fecere,
1138 4826 1382 4873 verum
1409 4806 1612 4875 etiam
1627 4806 1750 4878 alia
1775 4832 1948 4904 quae
1963 4809 2101 4880 hue
2111 4804 2378 4880 fortasse
2396 4810 2607 4902 magis
2625 4809 2989 4905 pertinent,
3017 4828 3146 4903 pro
3169 4818 3286 4874 tua
3303 4805 3425 4882 Rei
3441 4800 3561 4899 bo·
3712 4884 3729 4893 x

425 4906 699 4990 tanicae,
716 4900 1382 5001 etpharmaceuticae
1405 4901 1724 4997 singulari
1752 4908 2031 4998 scientia,
2060 4911 2213 4983 funt
2238 4910 2447 5003 longe
2476 4906 2826 4983 notiffima.
2923 4902 3392 4986 Quod'autem
3425 4906 3581 5007 pri-.

427 5027 547 5075 mo
573 5004 727 5075 loco
752 5010 1005 5077 cinerem
1021 5061 1040 5092 ,
1062 5011 1387 5079 dummodo
1417 5010 1568 5078 bene
1592 5007 1849 5091 roffam,
1881 5010 2170 5082 secundo
2200 5028 2429 5084 autem
2455 5014 2768 5082 dummodo
2793 5013 2935 5079 bene
2958 5021 3189 5080 eretum
3206 5063 3223 5093 ‚
3265 5032 3395 5079 cum
3429 5008 3562 5078 oleo

426 5104 779 5280 ωψσῃὲξιω
810 5100 1139 5283 Ῑέῇἰωιιῆ
1183 5106 1384 5182 facile
1410 5110 1638 5213 primo
1672 5107 2054 5209 etiamloeo
2081 5119 2226 5183 bene
2267 5130 2500 5186 cretum
2540 5112 2779 5282 legg}
2809 5123 3119 5208 oportet,
3168 5108 3564 5209 praesertim

483 5262 492 5281 .
688 5231 810 5286 om.
916 5261 938 5286 .
3401 5230 3562 5277 cum
3690 5260 3701 5271 “
