4942 6167
967 456 1296 528 Aa‘rls
1342 435 2200 533 VETERINARIAE
2250 451 2867 537 sIVE‘MVLo
2907 469 3012 538 M.
3426 491 3571 565 217

410 636 745 719 dedusta¹
787 642 1099 714 cicatrice
1121 641 1458 717 solidatur.
1557 643 1769 728 Quod
1812 641 1862 717 fi
1903 638 2249 737 euene'rit,
2287 648 2421 721 hac
2461 650 2727 723 ratione
2772 649 3054 726 curabis.
3116 656 3495 755 'Papyrum
3519 663 3573 702 ¹¹¹
3633 693 3675 759 ς

408 747 780 849 peripsam
803 740 1093 817 fistulam
1117 747 1408 817 traiicies
1438 757 1490 835 ¹²,
1520 748 1612 818 ita
1636 762 1713 836 vt
1737 752 1958 847 capita
1979 755 2224 849 papyri
2240 806 2257 837 ,
2303 776 2479 850 quae
2496 764 2529 795 ⁰
2565 769 2749 825 extra
2782 752 3070 844 fistulam
3100 760 3436 844 eminent,
3490 784 3573 832 ex

323 913 328 920 ,
408 867 702 946 vtraque
741 863 934 946 parte
973 846 1204 940 alligas
1236 858 1268 906 Ρ
1315 847 1457 919 Iino
1499 874 1589 920 ne
1636 849 1861 938 cadat,
1908 868 1984 922 et
2025 850 2368 940 diebus‘v,
2417 854 2531 925 vel
2590 852 2934 952 pluribuS,
2983 856 3208 931 donec
3249 855 3573 931 callositas

397 948 675 1024 -fistulae
696 950 942 1049 papyri
969 959 1006 1010 ‘1
1046 944 1455 1021 distentione
1480 951 1850 1044 turgescat,
1897 968 1970 1024 et
1994 957 2207 1026 maius
2239 953 2538 1026 vulneris
2591 955 2901 1030 foramen
2930 957 3079 1054 fiat.
3180 965 3397 1033 Tunc
3425 974 3447 1006 ³
3485 959 3572 1034 ad
3632 968 3678 1040 6

411 1054 798 1125 mensuram
828 1049 1131 1122 vulneris
1161 1076 1243 1121 ex
1272 1047 1544 1124 fistulari
1573 1051 2076 1127 medicamento
2106 1055 2481 1153 collyrium,
2505 1055 2758 1130 faciens
2796 1073 2836 1147 ⁸,
2868 1077 3142 1133 exemto
3172 1088 3438 1161 papyro
3458 1065 3571 1156 *in-

410 1173 517 1227 tra
547 1163 567 1198 ²
596 1142 886 1252 fistulam
914 1154 1172 1224 iniicies
1190 1207 1207 1238 ,
1239 1167 1314 1226 vt
1339 1154 1708 1252 impleatur
1735 1180 1814 1226 ex
1844 1158 2136 1249 integro,
2164 1157 2369 1257 plane
2387 1169 2422 1203 ¹¹
2450 1163 2539 1231 ne
2571 1160 2847 1250 excidat,
2886 1165 3156 1235 munies
3190 1163 3571 1257 diligenter.

410 1252 565 1329 Post
592 1254 734 1326 dies
765 1268 1062 1353 quatuor
1087 1253 1200 1324 vel
1230 1255 1538 1353 quinque
1564 1256 1769 1329 soluis
1798 1271 1845 1328 ⁸.
1897 1253 1943 1329 fi
1974 1256 2193 1330 fistula
2224 1259 2578 1349 ceciderit,
2621 1267 3020 1336 traumatico
3049 1253 3342 1354 curabis,
3381 1264 3573 1363 quod

408 1347 675 1430 &uincti
711 1356 980 1455 semper
1016 1357 1378 1444 immittes,
1435 1355 1661 1430 donec
1705 1355 1894 1457 spissa
1932 1360 2142 1432 sanies
2188 1377 2262 1432 et
2299 1387 2441 1433 non
2481 1363 2699 1436 multa
2735 1366 2825 1436 in‘
2852 1391 2937 1438 eo
2979 1366 3135 1438 loco
3174 1366 3569 1466 reperiatur.

412 1465 590 1532 Cum
616 1475 849 1530 autem
880 1461 1014 1532 iam
1049 1455 1412 1556 limpidum
1443 1459 1687 1532 videris
1719 1460 2114 1560 collyrium,
2168 1461 2278 1535 sac
2304 1457 2638 1561 pollinem
2669 1464 2864 1538 herbi
2891 1479 2953 1554 Y,
3003 1482 3076 1538 et
3113 1465 3276 1540 thus
3316 1469 3569 1542 mascu-
3623 1494 3683 1563 φ

410 1562 557 1632 lum
585 1565 830 1634 tritum
856 1561 1087 1658 aequis
1116 1557 1539 1659 ponderibus
1569 1587 1729 1634 cum
1775 1562 1980 1635 melle
2024 1563 2421 1662 decoquitO,
2466 1580 2540 1639 et
2577 1566 2817 1666 plagae
2856 1565 2975 1667 ipfi
3016 1571 3393 1667 imponito,
3499 1595 3574 1641 er

412 1659 554 1734 dies
587 1662 930 1760 plurimos
946 1659 1253 1759 quot'idie
1279 1679 1514 1734 curato
1546 1665 1655 1750 ita,
1683 1677 1760 1734 vt
1791 1664 2127 1763 deprimas
2159 1667 2328 1764 ipsas
2362 1682 2589 1767 partes
2618 1669 2934 1757 vulneriS,
2960 1673 3273 1767 quatinus
3302 1596 3572 1760 inagna

412 1769 610 1836 citius
638 1763 1119 1835 cohaerescant
1144 1773 1193 1833 ².
1253 1763 1365 1834 *Si
1396 1767 1694 1857 grauiter
1725 1763 2094 1838 offenderit
2122 1781 2361 1867 caput,
2408 1784 2484 1840 vt
2522 1770 2882 1843 cerebrum
2909 1787 3111 1844 vexet
3151 1773 3568 1859 intrinsecus,
3632 1788 3675 1858 8

49 1807 52 1924 l
413 1868 748 1938 continuo
773 1864 864 1937 de
890 1861 1320 1963 temporibus
1364 1865 1764 1958 sanguinem
1804 1867 2026 1940 eidem
2070 1885 2353 1968 oportet
2394 1871 2674 1960 auferri,
2727 1886 2798 1944 et
2838 1865 3190 1972 spongiam
3229 1900 3400 1973 aqua
3426 1885 3471 1963 ²,
3518 1870 3571 1946 fi

49 1927 52 2032 l
413 1963 616 2040 aestas
644 1966 887 2053 fuerit,
937 1966 1092 2038 oleo
1119 1967 1346 2054 rosen,
1406 1982 1479 2038 et
1509 1983 1702 2041 aceto
1745 1996 1959 2067 aequa
2039 1986 2182 2041 arte
2211 1976 2584 2045 commixto
2615 1977 2820 2073 capiti
2844 1977 2987 2047 eius
3021 1979 3314 2075 imponi,
3354 1974 3577 2048 fascia-

414 2094 548 2169 que
577 2063 950 2157 connesti„
972 2085 1066 2140 et-
1081 2066 1274 2140 cibos
1302 2069 1546 2141 virides
1573 2069 1899 2169 praeberi.
1947 1997 2157 2144 fipnec
2188 2073 2366 2169 ipsos
2395 2077 2692 2173 appetit,
2723 2080 2877 2174 quia
2905 2102 3186 2149 omnem
3213 2075 3442 2149 cibum
3466 2101 3572 2149 re·
3628 2095 3674 2164 9

414 2172 630 2259 cusat,
659 2169 883 2243 fabam
909 2169 1129 2243 moles
1161 2184 1234 2242 et
1257 2187 1622 2243 conuertes
1647 2175 1717 2243 in
1750 2173 2083 2272 pollinem
2113 2174 2160 2264 b,
2189 2173 2477 2248 farinam
2506 2201 2787 2274 quoque
2814 2180 3150 2250 triticeam
3179 2182 3433 2276 pariter
3461 2177 3574 2250 ad-

413 2274 651 2347 misces
668 2330 690 2362 ,
714 2289 790 2344 et
815 2297 975 2345 oum
1005 2271 1221 2344 mulsa
1247 2296 1376 2370 per
1404 2267 1624 2347 corn'u
1641 2274 1734 2346 ad
1758 2272 2191 2349 substantiam
2218 2277 2487 2347 aninnli
2515 2292 2658 2349 tam
2683 2276 2800 2350 diu
2833 2277 3140 2351 faucibus
3177 2283 3321 2353 eius
3345 2278 3577 2353 infun-

277 2461 286 2466 ,
397 2375 570 2465 des,
615 2375 844 2449 donec
876 2372 1065 2447 eibos
1088 2373 1334 2447 virides
1361 2389 1678 2476 appetat,
1729 2402 1902 2475 quos
1932 2401 2106 2476 aqua
2135 2380 2394 2450 marina
2415 2378 2526 2450 vel
2558 2378 2713 2452 salla
2736 2396 3018 2478 oportet
3040 2382 3321 2481 aspergi.
3410 2475 3417 2482 ἱ

621 2505 827 2576 XIV.
926 2530 974 2576 Α
994 2530 1040 2577 v
1070 2532 1116 2575 a
1136 2529 1162 2572 ι
1180 2533 1232 2576 v
1251 2531 1306 2575 M
1336 2509 1364 2545 ⁸
1405 2516 1484 2575 vt
1518 2503 1863 2574 vicinitate
1890 2505 2228 2603 proxima,
2260 2505 2355 2576 ita
2380 2505 2666 2604 periculi
2692 2530 2836 2577 non
2865 2503 3244 2607 discrepans
3274 2533 3436 2580 cura
3461 2504 3577 2581 est.

416 2631 588 2707 quae
613 2602 664 2677 fi
698 2606 849 2678 casu
879 2606 1105 2702 aliquo
1135 2591 1343 2677 suerit
1368 2628 1408 2675 a
1429 2604 1654 2675 radice
1684 2605 1998 2693 contusa,
2029 2623 2101 2677 et
2125 2601 2603 2679 colleffionem
2635 2605 2891 2696 fecerit,
2922 2631 3071 2681 eam
3098 2633 3257 2681 cum
3286 2624 3577 2682 matura·

49 2779 50 2782 ,
415 2709 619 2797 verit,
651 2706 971 2807 scalpello
1009 2706 1230 2779 secato
1248 2763 1266 2793 ,
1295 2719 1368 2777 et
1397 2730 1530 2806 pus
1557 2702 1759 2778 finito
1791 2704 2025 2778 fluere.
2073 2708 2403 2780 tum'linis
2432 2723 2630 2782 aceto
2658 2712 2988 2782 acerrimo
3020 2726 3092 2782 et
3121 2710 3278 2783 oleo
3306 2738 3434 2812 per
3460 2707 3576 2784 tri-'-

49 2789 52 2892 l
162 2843 170 2854 ·
416 2811 666 2899 duum,
719 2827 955 2908 quarta
981 2807 1090 2880 die
1116 2810 1519 2880 traumatico
1562 2823 1838 2895 curato,
1884 2806 2105 2880 donec
2137 2810 2427 2882 sanetur.
2523 2814 2743 2882 Etiam
2784 2807 2835 2881 fi
2878 2813 3341 2905 cartilaginem
3382 2837 3575 2885 vexa·

49 2907 52 2912 ’
412 2915 618 3000 verit,
666 2907 966 2985 eiusdem
1001 2909 1376 2982 medicinae
1408 2907 1880 2982 obseruatione
1920 2909 2256 3010 proficiet.
2357 2915 2428 2984 Si
2466 2937 2630 2985 vero
2675 2938 2712 2983 a
2760 2911 2989 2986 radice
3024 2915 3397 3002 auriculae,
3462 2914 3574 2988 vel
3632 2936 3681 2985 2

417 3010 848 3087 commissura
880 3014 1116 3112 capitis
1146 3025 1381 3085 tumor
1412 3036 1701 3105 magnus
1735 3037 1896 3084 cum
1927 3011 2170 3086 duritia
2199 3012 2469 3102 extabit,
2525 3040 2604 3085 ex
2629 3012 3045 3107 foenigraeci
3075 3031 3148 3087 et
3174 3016 3296 3088 lini
3320 3016 3585 3090 semine

420 3133 490 3189 et
515 3118 727 3189 tritici
753 3116 1013 3214 polline
1057 3103 1451 3214 cataplasma
1488 3116 1870 3213 imponite,
1934 3129 2339 3187 maturatam
2367 3112 2402 3160 ¹²
2452 3112 3289 3215 collefflonem‘scalpello
3334 3119 3576 3207 secato,

416 3222 511 3291 ita
532 3235 610 3291 vt
636 3215 914 3290 inferius
948 3217 1146 3317 plaga
1175 3210 1465 3315 spe-aet,
1498 3217 1815 3313 quatinus
1851 3226 1879 3259 ⁶
1903 3212 2173 3286 ‘humor
2198 3241 2327 3314 per
2351 3240 2572 3313 prona
2598 3214 2930 3289 decurrat.
3027 3221 3212 3291 Vino
3233 3276 3250 3306 ,
3281 3220 3473 3307 oleo,
3503 3235 3578 3291 et
3635 3238 3675 3306 3

418 3321 547 3396 sale
577 3323 789 3393 mixto
818 3318 1075 3396 infusos
1106 3314 1137 3362 ‘¹
1185 3317 1543 3398 lemniscos
1571 3314 1857 3404 inducis,
1890 3331 1964 3386 et
1988 3316 2236 3388 vulnus
2266 3342 2397 3416 per
2428 3314 2866 3416 quatriduum
2892 3316 3193 3407 fouebis,
3221 3318 3375 3419 post
3402 3335 3579 3393 trau·

419 3426 673 3496 matico
702 3419 928 3495 vteris.
978 3418 1092 3494 sed
1114 3429 1143 3462 θ
1182 3414 1472 3492 difficilis
1502 3443 1664 3489 cura
1693 3414 1818 3505 est,
1873 3419 2024 3516 quia
2054 3415 2308 3490 fistulae
2342 3420 2414 3489 in
2443 3417 2689 3490 talibus
2718 3419 2886 3491 locis
2917 3419 3321 3520 frequenter
3348 3425 3579 3494 oriun-

422 3527 555 3597 t'ur.
611 3548 779 3628 quae
807 3519 857 3596 si
886 3522 1275 3609 euenerint,
1309 3522 1507 3619 supra
1541 3521 1785 3618 scripta
1813 3521 2165 3591 curatione
2216 3533 2556 3591 curantur.
2652 3521 2721 3590 Si
2761 3536 2997 3592 tamen
3036 3522 3391 3615 aegritudo
3431 3524 3580 3595 vul-
3632 3552 3679 3619 4

418 3627 601 3700 neris
629 3626 908 3699 vlterius
940 3627 1144 3696 etiam
1268 3620 1323 3696 st
1352 3620 1848 3696 medicamenta
1881 3620 2227 3720 procedat,
2253 3624 2511 3692 vicinae
2532 3618 2826 3693 vrendae
2856 3623 3014 3694 sunt
3037 3637 3264 3721 partes
3281 3680 3299 3710 ,
3330 3640 3402 3695 et
3427 3649 3578 3696 cau·

419 3732 594 3802 terio
631 3725 668 3774 f
693 3731 765 3800 in
794 3725 947 3828 ipfis
979 3650 1497 3800 collegibnibus
1538 3720 1885 3816 infigenda
1929 3723 2084 3795 sunt
2174 3718 2382 3795 unsta
2407 3737 2436 3780 ⁸
2476 3722 2988 3811 vehementius,
3037 3738 3114 3796 vt
3156 3738 3231 3795 et
3274 3726 3450 3796 cutis
3507 3742 3581 3797 et

420 3832 613 3905 causa
637 3845 1126 3931 perrumpatur
1149 3831 1451 3901 interior.
1504 3823 1660 3926 post
1689 3825 1974 3898 solerter
2003 3827 2036 3870 ¹¹
2074 3749 2212 3897 vga
2244 3823 2539 3906 curanda
2566 3824 2721 3898 sunt
2748 3820 2783 3898 ἰ.
2866 3828 3060 3897 'Non
3094 3827 3279 3897 enim
3312 3829 3580 3899 aurium

420 3931 519 4007 est
548 3931 960 4026 negligenda
986 3932 1264 4018 curatio,
1294 3956 1384 4003 ne
1416 3956 1496 4001 ex
1523 3926 1766 4000 dolore
1794 3928 2008 3999 nimio
2043 3945 2413 4021 generetur
2442 3926 2707 4002 insania.
2777 3930 3077 3999 Primum
3105 3927 3459 4026 purganda
3484 3927 3580 4002 est
3638 3943 3679 4008 ς

424 4039 602 4108 auris
634 4033 998 4132 diligenter
1023 4032 1440 4118 intrinsecus,
1484 4045 1564 4122 vg
1588 4028 1934 4102 auferatur
1956 4029 2147 4128 quod
2184 4029 2497 4106 dolorem
2527 4043 2798 4117 mouet,
2848 4047 2967 4102 aut
2994 4028 3217 4104 laedit.
3311 4032 3381 4102 Si
3411 4031 3581 4104 nihil

329 4163 336 4170 “
423 4140 776 4210 inuenitur
806 4131 844 4228 ¹,
867 4179 876 4186 -
901 4135 1257 4233 spongiam
1287 4133 1474 4208 nitro
1501 4127 1578 4228 Q
1602 4156 1775 4230 aqua
1800 4131 2104 4207 molliter
2132 4130 2454 4205 infundes
2485 4147 2558 4203 et
2582 4130 2799 4203 dilues
2828 4142 2897 4219 m,
2924 4125 3268 4230 vnamque
3302 4128 3585 4205 nosiem

423 4243 603 4311 intra
630 4238 998 4314 auriculam
1025 4232 1312 4307 infusam
1346 4231 1701 4334 spongiam
1727 4253 2008 4306 manere
2036 4235 2327 4332 patieris.
2429 4236 2569 4306 Die‘
2594 4236 2799 4304 tertio
2835 4234 3016 4305 nitro
3047 4248 3120 4303 et
3163 4257 3333 4330 aqua
3374 4235 3583 4307 calida
3637 4235 3681 4300 6

422 4339 666 4415 fouere
694 4342 978 4440 incipies
1012 4337 1411 4437 frequenter
1443 4351 1515 4409 et
1545 4335 1684 4426 diu,
1712 4335 1939 4410 donec
1968 4333 2170 4410 dolor
2192 4333 2485 4434 recedat.
2536 4333 2745 4417 Quod
2775 4331 2821 4406 si
2850 4360 3022 4434 aqua
3044 4332 3585 4430 fueritssingrefl‘a,

672 4436 676 4439 ’
1547 4475 1554 4484 ·
3292 4449 3299 4458 ’
3344 4438 3583 4509 oleum

497 4591 549 4679 Ι)
576 4587 739 4677 1215}ae
769 4588 827 4645 S.
849 4587 934 4644 M.
961 4584 1186 4652 melius,
1253 4585 1345 4671 m)
1371 4581 1500 4671 Vid.
1528 4583 1719 4643 noster
1734 4602 1789 4652 a,
1807 4587 1902 4662 πᾷ,
1923 4599 1975 4640 ι.
2061 4583 2167 4662 [C.
2194 4580 2379 4658 xm]
2471 4584 2526 4658 a)
2554 4582 2734 4642 Prima
2749 4582 2801 4660 J:
2832 4603 2947 4643 om.
2983 4584 3042 4642 S.
3070 4585 3155 4643 M.
3253 4582 3317 4655 b)
3345 4596 3588 4643 matura-

426 4666 679 4815 2¹13&
661 4681 730 4793 ,ἶῖ
750 4664 944 4803 3222,
969 4665 1040 4792 ἶ),
1057 4659 1459 4790 ῖῖἕῖἷ,”ἒ.’]ἷῦἷ’
1478 4670 1978 4805 ’ἶῖἑέἷέἱὲἔῗῖιὲῗ
2057 4655 2705 4804 ἶιῖἵηὶῑὰῦἷῖῗὲἆηῗὲ
2725 4661 2923 4791 MT·
2971 4733 3028 4804 ε)
3051 4660 3156 4788 2503.
3169 4672 3592 4810 mmm.

423 4821 534 4888 gu.
613 4813 677 4887 q)
704 4815 917 4886 tergere
957 4808 1144 4886 [forte
1171 4811 1432 4882 turgere]
1509 4820 1730 4891 epyrum
1761 4807 1974 4880 saciat,
2057 4807 2112 4868 S.
2138 4808 2220 4863 M.
2333 4809 2395 4877 f)
2425 4809 2673 4864 cauteria
2698 4809 2752 4866 S.
2780 4808 2864 4866 M.
2978 4808 3192 4894 g)·bene
3216 4807 3357 4867 cutis
3377 4825 3433 4865 et
3460 4829 3588 4867 caero
3688 4843 3693 4854 ·

430 4903 483 4944 et
511 4889 716 4943 mltum
735 4887 886 4944 vuln-
919 4883 975 4942 S.
1003 4887 1090 4941 M.
1161 4883 1213 4956 r)
1244 4885 1454 4955 (autem
1532 4879 1640 4935 ms.
1674 4883 1727 4936 S.
1805 4885 1855 4950 s)
1868 4880 1974 4952 fa·
2059 4895 2344 4958 rumpatur
2365 4881 2471 4939 int.
2500 4884 2554 4939 S.
2585 4884 2669 4939 M.
2760 4881 2825 4953 h)
2838 4875 3138 4956 fhlenmter
3157 4882 3215 4936 S.
3242 4884 3327 4939 M.
3415 4884 3460 4954 i)
3485 4899 3591 4939 non

430 4963 554 5029 cies,
595 4976 651 5018 et
680 4962 735 5019 S.
757 4962 842 5016 M.
897 4975 908 4986 *
952 4967 999 5031 t)
1027 4958 1181 5013 intra
1206 4975 1321 5016 om.
1351 4955 1405 5010 S.
1436 4953 1522 5008 M.
1630 4960 1694 5018 u)
1725 4970 1779 5008 et
1809 4957 1861 5010 S.
1890 4957 1976 5011 M.
2059 4954 2167 5032 est,
2216 4956 2428 5012 aurium
2455 4958 2694 5030 negleae‘lae
2714 4956 3024 5021 curatione,
3075 4971 3142 5009 ne
3168 4957 3226 5011 S.
3256 4958 3338 5013 M.
3425 4960 3483 5028 1)
3507 4959 3592 5012 in·
3684 4993 3691 4999 -

429 5033 624 5167 philea
659 5037 805 5180 quo)d
836 5049 988 5162 aas}
1001 5033 1206 5165 ἰνλιζὲᾶα
1240 5031 1431 5180 fade}
1432 5045 1561 5158 “1230
1580 5023 1777 5231 ssssajsf
1809 5027 1978 5154 ἓαῗᾶε
2058 5028 2987 5182 ῒὲἓηέαῗῃῖὶαιὲὴεὲξσέηῇρω
3015 5045 3126 5084 vna
3146 5032 3298 5088 ποθι
3313 5032 3470 5088 intra
3493 5050 3593 5088 an-

473 5123 1550 5182 ..yn'ue..zcre·
1848 5137 1979 5154 -ι
2385 5124 2394 5134 ·
2675 5141 2883 5164 ...

433 5185 487 5260 a)
516 5200 660 5260 equa
683 5180 980 5251 —suerit
1008 5200 1124 5240 om.
1154 5181 1210 5239 S.
1227 5181 1313 5238 M.
1418 5176 1481 5251 b)
1504 5188 1580 5254 pu
1601 5190 1780 5231 nerem
1819 5172 1877 5229 S.
1891 5172 1978 5230 M.
3393 5248 3407 5264 ⁸
3545 5248 3560 5263 .

459 5265 484 5282 ¹*
527 5271 532 5280 ·
589 5255 829 5314 umal.
2581 5249 2627 5310 E
2643 5268 2677 5307 e
3265 5249 3335 5323 n)
3361 5248 3586 5329 lrppaern

4892 437 4893 448 ⁴
4892 401 4893 420 ψ
4880 287 4894 360 ᾼᾼᾼ
4886 259 4893 268 ι
4888 163 4893 240 ⁴„ss
4892 117 4893 144 ᾼ
4880 22 4894 104 ,μὶε-
