4942 6167
1653 364 2381 455 MAR'rlvs.

3400 364 3629 479 ,87'

407 588 674 663 φηςιν
708 564 1131 639 incrementa
1149 552 1482 660 'perduxi
1615 562 1924 635 citreu’m
1967 564 2183 655 iuuari
2219 561 2549 650 creditur,
2608 558 2659 635 fi
2692 561 3088 641 cucurbitae
3126 564 3369 639 vicinis
3408 565 3585 645 ,locis

418 669 766 743 serantur:
814 689 1108 763 qmum·
1141 666 1312 737 vites
1359 664 1568 734 etiam
1610 662 2000 737 combustae
2029 667 2266 740 vtilem
2309 668 2460 738 citri
2501 664 2849 740 arboribus
2887 671 3190 741 cinerem
3228 665 3579 768 praebent.

241 826 252 839 ,
293 774 307 781 ’”
425 768 756 849 Gaudent
798 764 1041 838 affidua
1091 742 1398 836 foffione.
1455 763 1620 837 hinc
1661 770 2085 861 proueniunt
2127 792 2339 865 poma
2388 769 2662 839 maiora.
2756 769 2907 841 Nifi
2953 796 3124 869 quae
3183 768 3362 842 arida
3404 770 3679 857 sunt,16

417 868 736 945 rarissime
774 862 1106 938 debemus
1145 863 1485 939 abscidere
1511 876 1554 936 ⁸.
1652 867 1976 939 Inseritur
2017 868 2246 939 mense
2283 870 2507 967 Aprili
2547 869 2714 941 locis
2753 871 3016 958 calidis,
3065 874 3257 943 Maio
3295 869 3576 962 frigidis,

420 996 565 1043 non
593 967 712 1042 sub
739 968 1014 1054 eortice,
1065 966 1180 1041 sed
1211 963 1354 1051 fiss'o
1382 981 1629 1037 trunco
1662 968 1836 1060 circa
1871 969 2040 1066 ipsas
2088 968 2363 1041 radices.
2460 971 2785 1043 Inseritur
2828 988 2900 1043 et
2943 975 3132 1070 piro,
3185 987 3260 1044 vt
3300 970 3576 1069 quidam

415 1070 818 1166 [volunt'⁸,]
873 1086 947 1141 et
977 1093 1198 1155 moro,
1246 1064 1361 1140 sed
1391 1077 1427 1110 ¹¹
1467 1063 1647 1137 insiti
1687 1068 1936 1141 surculi
1977 1070 2179 1167 qualo
2210 1083 2240 1114 ¹
2284 1068 2573 1169 desuper
2626 1075 2909 1153 omnino
2954 1072 3310 1145 muniendi
3341 1074 3497 1145 sunt
3524 1084 3576 1159 Y,

416 1171 529 1245 vel
566 1165 758 1242 fiaili
780 1169 1051 1241 vasculo
1082 1179 1132 1239 ².
1231 1164 1479 1239 Afferit
1501 1169 2050 1271 Martialis'apud
2079 1161 2380 1268 Assyrios
2407 1183 2433 1214 ⁸
2473 1175 2698 1269 pomis
2727 1174 2905 1245 hane
2937 1172 3249 1251 arborem
3290 1199 3434 1245 non
3467 1198 3572 1244 ca·

409 1299 602 1347 rere:
653 1268 844 1369 quod
887 1295 1020 1362 ego
1049 1273 1121 1342 in
1149 1269 1450 1341 Sardinia
1481 1270 1596 1362 [et
1624 1270 1653 1311 ¹³
1682 1272 1796 1360 in]
1840 1273 2182 1342 territorio
2210 1273 2676 1371 Neapolitano
2704 1274 3028 1348 infundis
3059 1278 3231 1363 meis
3261 1275 3571 1377 comperi

415 1371 692 1471 (quibus
721 1372 944 1445 solum
975 1386 1049 1442 et
1077 1371 1341 1445 caelum
1368 1369 1684 1468 tepidum
1712 1368 1823 1458 est,
1878 1366 2004 1468 [et
2025 1374 2090 1457 c]
2125 1373 2380 1444 humor
2424 1373 2768 1448 exundans
2801 1371 2870 1470 d)
2902 1402 3028 1474 per
3075 1377 3319 1469 gradus
3368 1402 3568 1475 quos·
3632 1430 3643 1439 .

413 1474 570 1546 darn
611 1471 736 1544 fibi
772 1473 1039 1571 semper
1079 1497 1288 1569 poma
1329 1468 1727 1559 succedere,
1777 1495 1935 1542 cum
1975 1475 2257 1545 maturis
2299 1475 2368 1546 se
2415 1474 2658 1548 acerba
2698 1474 3114 1566 substituant,
3164 1475 3569 1551 acerborum

410 1601 577 1648 vero
621 1589 914 1646 aetatem
957 1572 1268 1647 florentia
1295 1574 1824 1669 consequantur,
1876 1571 2114 1644 orbem
2158 1574 2501 1672 quendam
2545 1580 2909 1648 continuae
2938 1577 3420 1650 foecunditatis
3449 1574 3571 1647 fibi

411 1672 835 1749 ministrante
852 1689 1119 1757 natura.

1269 1680 1617 1747 Feruntur
1662 1698 1846 1744 acres
1890 1673 2221 1747 medullas
2266 1692 2534 1748 mutare
2562 1695 2588 1731 θ
2623 1677 2967 1766 dulcibus,
3016 1674 3064 1748 fi
3092 1704 3222 1778 per
3263 1664 3567 1750 triduum
3590 1707 3670 1779 ιζ

413 1803 588 1876 aqua
614 1773 644 1820 f
664 1776 879 1848 mulsa
904 1775 1157 1849 semina
1189 1773 1514 1875 ponenda
1540 1790 2008 1863 macerentur,
2051 1775 2161 1847 vel
2202 1776 2413 1849 ouillo
2443 1772 2653 1865 hae,
2699 1779 2888 1879 quod
2930 1777 3235 1879 praestat.
3334 1780 3571 1877 Aliqui

408 1879 644 1954 mense
661 1875 1027 1951 Februario
1055 1891 1377 1948 cuneum
1404 1873 1685 1971 obliquo
1702 1873 2035 1948 foramine
2066 1874 2149 1974 ab
2178 1880 2319 1949 imo
2352 1878 2718 1967 terebrant,
2765 1884 2859 1953 ita
2872 1895 2947 1953 vt
2973 1880 3178 1953 altera
3201 1895 3393 1980 parte
3422 1907 3570 1953 non

413 1996 643 2057 exeat:
691 2005 774 2055 ex
805 1978 941 2050 hoc
973 1978 1341 2050 humorem
1365 1976 1582 2049 fluere
1613 1979 2043 2074 permittunt,
2095 1976 2317 2051 donec
2354 2004 2564 2077 poma
2586 1981 3009 2055 formentur:
3059 1997 3229 2054 tunc
3255 1983 3567 2055 foramen

411 2082 562 2155 luto
588 2079 895 2179 replent:
947 2076 1054 2166 sic,
1106 2078 1294 2177 quod
1321 2076 1418 2153 est
1440 2077 1782 2167 medium,
1829 2077 1976 2151 fieri
2003 2076 2203 2153 dulce
2232 2079 2658 2167 confirmant.
2763 2086 3067 2155 Citreum
3096 2101 3167 2154 et
3205 2086 3278 2155 in
3323 2082 3565 2156 arbore
3585 2094 3661 2164 18

411 2179 637 2284 potest
664 2192 843 2279 perss
884 2196 1116 2253 toturn
1151 2205 1409 2253 annum
1453 2180 1964 2280 propemodum
2006 2177 2321 2252 custodiri
2354 2178 2420 2251 ¹¹:
2467 2184 2715 2255 melius
2754 2180 2800 2254 fi
2845 2185 3119 2256 vasculis
3151 2183 3565 2280 quibuscun-

416 2310 552 2384 que
582 2282 944 2357 claudatur.
1043 2284 1115 2353 Si
1142 2281 1307 2356 velis
1345 2283 1580 2375 legere
1615 2296 1821 2381 atque
1848 2281 2131 2371 seruare,
2183 2277 2390 2355 noEie
2441 2283 2605 2357 luna
2646 2283 2905 2358 latente
2941 2281 3217 2373 debebis
3263 2309 3424 2357 cum
3467 2311 3566 2357 ra-

612 2514 668 2587 s)
697 2511 961 2591 ebfiidne
988 2510 1071 2570 Lu
1105 2515 1156 2570 d.
1173 2511 1270 2572 hic
1297 2523 1356 2572 et
1374 2512 1510 2571 alias
1535 2515 1580 2570 1.
1607 2512 1672 2571 Β.
1687 2514 1752 2571 R.
1768 2526 1826 2571 et
1851 2513 1998 2573 Com.
2013 2511 2542 2590 abst-indere'aimid.
2562 2514 2831 2572 Paequ
2851 2532 2906 2582 ο,
2921 2532 2975 2572 2.

1812 2592 1873 2661 x)
1906 2589 2143 2664 qualo—
2152 2587 2287 2664 sunt
2315 2609 2431 2646 orn.
2461 2589 2630 2663 Lugd.

1100 2661 1154 2733 a)
1189 2661 1354 2719 Sirios
1373 2663 1538 2735 Lnga.
1618 2661 1679 2723 b,
1713 2675 1769 2717 et
1793 2660 1851 2716 in
1881 2682 1992 2718 om.
2009 2664 2076 2719 P.
2098 2664 2213 2718 Pal.
2231 2677 2285 2717 et
2313 2663 2478 2736 Lugd.
2502 2665 2560 2719 Ε.
2579 2662 2675 2740 qui
2708 2680 2764 2719 et
2797 2663 3011 2718 Sar-clia.
3087 2670 3139 2732 c)
3159 2682 3273 2717 om.
3306 2674 3359 2715 et
3388 2660 3558 2717 etiam

1857 2734 1920 2806 f)
1946 2754 2089 2812 aqu
2125 2756 2239 2796 om.
2281 2738 2331 2793 J.
2367 2740 2430 2796 B.
2457 2738 2526 2795 R.

418 2607 533 2648 ent.
559 2587 719 2663 lugd.
758 2591 821 2646 Ε.
945 2592 1008 2660 ιι)
1063 2591 1137 2644 ed
1158 2622 1223 2634 —
1249 2586 1457 2663 vasi-ulo
1489 2608 1599 2645 om.
1625 2589 1688 2643 Ρ.

412 2671 472 2727 2)
509 2664 828 2719 clauduntur
854 2664 1016 2736 Lugd.

409 2738 574 2810 lugd.
678 2738 738 2810 d)
774 2734 852 2811 est
887 2737 1010 2793 add.
1049 2738 1116 2793 P.
1228 2739 1284 2806 e)
1323 2750 1604 2790 maturare
1649 2736 1708 2792 Ε.

408 2811 473 2886 h)
494 2823 609 2868 tato
633 2829 774 2866 mo
791 2810 1032 2887 snuaere'.
1093 2810 1292 2869 Melius
1311 2814 1431 2886 qui
1440 2809 1508 2883 fi
1534 2811 1600 2867 P.

3440 2411 3571 2458 mis

3078 2514 3124 2585 t)
3145 2513 3333 2569 volunt
3355 2526 3410 2568 et
3419 2528 3568 2569 more

2755 2592 2817 2662 y)
2845 2588 2988 2643 omm'
3010 2591 3157 2643 modo
3176 2606 3313 2643 mun.
3328 2585 3459 2661 sunt
3494 2588 3555 2644 Ε

2661 2739 2722 2812 g)
2758 2750 2865 2813 per
2899 2751 3072 2794 totum
3111 2752 3306 2793 annam
3346 2750 3460 2792 om.
3487 2735 3555 2794 P.

407 2985 563 3045 sauro
608 2986 720 3043 Fab
728 2984 901 3045 riano.
1012 2988 1315 3044 Caeterum
1367 2984 1574 3039 clauom
1593 3021 1612 3050 ,
1651 2979 1857 3057 πυρίνην
1899 3000 1956 3041 et
2026 2983 2151 3040 aele'e’s
2184 2983 2672 3062 maturefiente'bus,
2710 2982 2836 3042 aeh‘e's
2848 2982 3279 3074 subqafientt‘hur
3320 3017 3423 3030 --
3460 2980 3570 3055 nest

409 3058 704 3127 πίσσαλον,
744 3061 945 3114 taleam
982 3059 1054 3117 ita
1094 3058 1382 3145 distinguit
1419 3057 1717 3143 Anatoliua
1767 3060 1948 3132 Geop.

415 3151 503 3202 ιο,
534 3145 568 3199 8
608 3151 676 3190 vt
722 3134 878 3191 chuc
913 3131 975 3189 fit
1013 3151 1196 3190 ramus
1233 3150 1307 3190 ita
1347 3132 1406 3189 in
1454 3149 1642 3187 arcum
1689 3149 1952 3188 incurua-

409 3223 533 3277 tus,
579 3224 645 3265 vt
684 3208 800 3264 duo
839 3222 1075 3265 extrema
1103 3223 1417 3283 pangantur
1446 3207 1510 3262 in
1549 3223 1709 3272 terra,
1747 3203 1950 3277 ipsum-

447 3301 520 3339 ue
553 3299 808 3368 germen
854 3298 1104 3355 erumpat
1149 3301 1212 3337 ex
1255 3281 1460 3337 summa
1487 3278 1729 3353 flexura,
1773 3296 1939 3352 quam

392 3300 695 3429 Jormcem,
736 3355 869 3409 haec
898 3355 1046 3411 enim
1078 3355 1154 3412 est
1194 3354 1434 3426 καμάρα,
1477 3354 1748 3440 appellat:
1793 3352 1941 3406 talea

412 3445 604 3485 autem
639 3426 916 3485 incarnari
956 3448 1076 3486 non
1125 3431 1332 3502 potest,
1371 3427 1462 3483 sed
1501 3425 1758 3482 inuersim
1798 3424 1937 3483 narei

409 3501 638 3573 κεφαλῖς
669 3517 820 3575 parte
857 3503 1099 3560 acutiore
1138 3502 1485 3576 depangitur‚
1515 3501 1667 3555 vnde
1695 3498 1938 3564 πασσάλυ

406 3574 463 3632 h.
484 3592 531 3630 e.
550 3574 692 3629 claui
721 3594 930 3632 nornen
960 3576 1238 3633 iuueniss‘e
1264 3575 1495 3630 videtur.
1535 3572 1737 3629 Noster
1765 3571 1942 3645 depo-

401 3648 468 3707 ni
496 3663 711 3706 tantum
739 3650 1101 3707 transuersam
1128 3667 1185 3706 et
1210 3650 1484 3707 iacentem
1513 3647 1667 3703 iubet
1700 3647 1966 3717 clauam„

406 3741 524 3800 quo
552 3724 721 3780 modo
771 3724 915 3780 vites
939 3724 1209 3797 prosterni
1239 3743 1272 3779 e
1313 3719 1631 3779 Columella
1664 3719 1931 3787 vidimuS,

265 3826 278 3838 ·
398 3795 560 3857 nulla
591 3813 914 3855 curuaturae
959 3798 1251 3855 mentione
1286 3794 1510 3854 inietta.

475 3888 562 3936 10,
609 3879 672 3929 16
724 3881 978 3928 Pomls
1043 3881 1217 3931 NON
1283 3868 1636 3937 CARERE)
1671 3869 1763 3925 An
1797 3884 1931 3922 nun-

399 3962 558 4021 quam
588 3963 807 4012 cerere,
852 3962 912 4003 vt
949 3945 1014 4002 in
1055 3947 1352 4003 vernacula
1394 3940 1619 4001 Palladii
1659 3941 1932 4016 interpre-

401 4018 646 4075 tatione:
686 4023 759 4073 ed
775 4019 1008 4096 affi'rma
1039 4020 1314 4076 Mmiale
1339 4017 1432 4073 ebe
1458 4017 1515 4070 in
1549 4008 1751 4085 Afflria
1771 4015 1940 4090 questi

401 4090 593 4147 arbori
602 4091 770 4145 banno
788 4106 933 4147 tutto
946 4094 1122 4148 l'anno
1138 4094 1278 4165 frat
1338 4131 1353 4147 .
1427 4089 1539 4148 Sed
1563 4090 1622 4145 id
1638 4089 1801 4146 etiarn
1821 4089 1940 4145 Pal-

401 4165 584 4223 ladius
609 4166 782 4223 statim
811 4164 1007 4223 docuit
1033 4166 1068 4223 fi
1107 4173 1191 4224 16.
1263 4107 1352 4224 ge
1400 4161 1718 4221 huiusmodi
1755 4162 1936 4236 stirpi·

405 4240 511 4296 bus
550 4238 714 4294 hosce
753 4240 1053 4297 versiculos
1108 4238 1403 4297 vernacula
1443 4237 1643 4313 lingua
1683 4236 1934 4311 prodidit

397 4311 660 4442 mugiit?
669 4313 1106 4460 t'lAssZaniitisoti:
1115 4315 1444 4462 {stiur-ancl,
1470 4384 1515 4441 e’
1543 4384 1568 4439 ι’
1588 4383 1754 4450 cedri,

395 4477 401 4483 ·
514 4459 613 4516 Ch’
635 4474 760 4513 entr
787 4457 823 4513 ὲ
851 4459 994 4534 ifim'
1003 4458 1266 4535 smeraldi
1297 4462 1361 4515 al
1377 4461 1545 4524 calda,
1577 4461 1640 4513 al
1651 4456 1818 4532 gIeIO,

505 4533 658 4608 [che
681 4532 1009 4588 Primeiuerae
1040 4535 1069 4588 ι)
1093 4534 1206 4588 loro
1236 4551 1466 4608 ortumque
1475 4530 1664 4606 saglt’ae

387 4622 404 4629 ·
515 4607 770 4680 Utcunque
797 4606 1019 4682 asi-enda
1044 4609 1097 4662 il
1102 4606 1197 4682 sol
1206 4604 1230 4678 ]
1249 4608 1520 4682 pendenti,
1533 4619 1586 4660 et
1606 4601 1825 4690 frestbt‘

509 4681 583 4737 Et
608 4679 805 4744 acerbi,
840 4694 898 4735 et
925 4679 1134 4736 maturi
1154 4680 1259 4735 ban
1288 4678 1496 4755 sempr-e
1523 4677 1547 4733 ι’
1559 4692 1726 4756 pomi,

508 4756 590 4811 E·
624 4754 819 4824 nfieme
866 4753 891 4806 ι’
922 4756 1051 4827 fior.

393 4836 667 4888 PONTE
687 4837 749 4884 D.
855 4828 1201 4885 Adiiciamus
1253 4822 1425 4898 Plinii
1476 4826 1667 4885 locum
1707 4825 1930 4903 elegan-

393 4916 512 4959 tem
553 4919 637 4967 12,
679 4911 709 4973 3
727 4899 788 4956 ‘s-
819 4916 852 4967 7
892 4903 962 4959 de
988 4900 1157 4968 citr0,
1198 4918 1368 4975 quam
1393 4898 1489 4954 hic
1516 4898 1790 4973 Aſjjriam
1817 4918 1927 4955 ma-

391 4974 506 5029 lum
540 4991 703 5030 vocat
715 5011 734 5039 ,
771 4974 1022 5032 Omnibus
1059 4975 1205 5031 boris
1264 4980 1366 5049 (vt
1409 4975 1701 5047 genitalem
1737 4974 1923 5046 horam

387 5046 527 5106 anni
545 5047 681 5112 alia!
710 5066 813 5109 ver
837 5048 998 5126 dixit)
1016 5045 1415 5128 pomifera-(ll,
1439 5045 1567 5105 aliis
1594 5048 1917 5120 cadentibus,
1937 5082 1944 5093 κ
2003 5053 2213 5119 πίπτω.
2277 5061 2307 5110 8
2323 5062 2363 5113 c
2377 5061 2426 5109 Η
2444 5062 2487 5109 0
2504 5060 2547 5113 Ε
2560 5061 2607 5109 Τ
2620 5061 2666 5110 Τ
2680 5060 2742 5111 G.

2024 3061 2367 3135 apudMedos
2401 3075 2456 3115 et
2484 3056 2543 3113 in
2572 3062 2792 3128 Perstde
2832 3060 2977 3135 nasi-e
3013 3059 3199 3114 noluit.
3278 3056 3561 3116 Palladius

2024 3133 2194 3208 igitur
2233 3135 2382 3190 forte
2416 3135 2622 3207 primus
2649 3137 2756 3200 est,
2797 3134 2893 3207 qui
2936 3133 3104 3191 huius
3154 3131 3364 3189 arboris
3410 3145 3561 3186 extra

2021 3208 2274 3265 Mediam
2299 3207 2742 3263 conualescentis
2770 3206 3207 3281 meminit‚quae
3233 3206 3416 3278 p'ostea
3431 3221 3559 3260 non
3626 3240 3633 3247 -

2022 3280 2086 3338 in
2117 3281 2268 3338 ltalia
2285 3298 2522 3345 tanturn,
2559 3280 2829 3354 Hispania
2856 3282 3155 3354 Galliaque
3190 3278 3303 3335 coli
3334 3277 3387 3333 se
3419 3274 3557 3352 passa
3594 3286 3603 3293 '

2023 3356 2119 3415 est.
2151 3356 2242 3412 sed
2285 3355 2345 3411 in
2385 3354 2560 3427 ipsum
2590 3355 3030 3428 septentrionem
3058 3354 3318 3410 translata
3341 3350 3554 3407 fruetus

2024 3427 2220 3492 edidit,
2270 3446 2588 3501 quanquam
2642 3428 2898 3485 bonitate
2952 3427 3250 3484 inferiores
3292 3425 3415 3490 his,
3454 3422 3556 3496 qui

2022 3502 2119 3557 sub
2154 3501 2526 3559 clementiore
2556 3500 2725 3556 fidere
2754 3502 3080 3558 educantur.
3156 3501 3297 3557 Non
3330 3499 3559 3571 ignom,

2024 3573 2158 3648 quid
2186 3575 2258 3629 de
2286 3573 2387 3628 hac
2421 3592 2479 3629 re
2513 3572 2817 3646 disputetur
2841 3593 2897 3629 v.
2914 3591 2967 3648 g.
3007 3572 3152 3644 apud
3165 3569 3562 3641 Spanhem.de

2016 3647 2116 3705 vssi
2154 3663 2214 3703 et
2256 3645 2443 3720 praest.
2478 3663 2631 3701 num.
2663 3646 2779 3702 diff.
2806 3651 2840 3703 6
2875 3665 2928 3730 p.
2964 3659 3068 3715 329
3087 3645 3168 3718 sq.
3244 3643 3353 3697 Sed
3392 3640 3559 3696 illum

2014 3722 2218 3795 sequor
2248 3719 2633 3783 charasterem,
2673 3738 2844 3806 quem
2881 3718 3093 3774 indicat
3132 3713 3426 3780 l'alladiuS,
3468 3728 3560 3767 or-

2015 3797 2127 3852 bem
2157 3794 2435 3849 continuae
2448 3792 2881 3865 fhecundttatis:
2925 3789 3197 3866 quidquid
3229 3787 3287 3845 fit
3317 3787 3388 3843 de
3417 3784 3557 3843 mira

2016 3870 2192 3927 totius
2228 3868 2448 3946 generis
2495 3864 2778 3933 varietate,
2813 3884 2977 3943 quam
3021 3861 3450 3941 elegantissime,
3490 3876 3552 3917 vt

2021 3943 2253 4015 reliqua,
2292 3960 2432 4016 quae
2470 3941 2540 3997 ad
2570 3942 2782 3998 cultum
2820 3958 2876 3998 et
2906 3956 3156 3997 naturam
3194 3937 3313 3993 eius
3343 3932 3556 3992 arboris

2019 4018 2323 4091 pertinent,
2369 4015 2706 4089 persequitur
2737 4018 2817 4071 10.
2851 4019 2995 4088 Rapt.
3029 4011 3303 4072 Ferrarius
3331 4009 3557 4084 elegan-

2019 4092 2062 4148 ti
2093 4091 2259 4157 libre,
2289 4109 2457 4165 quem
2487 4107 2648 4145 vocat
2682 4087 3025 4164 Hesperides:
3059 4088 3128 4147 de
3160 4104 3266 4161 qua
3307 4083 3556 4158 appella·

2018 4163 2201 4231 tione,
2219 4165 2284 4220 ad
2345 4182 2473 4220 uem
2490 4161 2723 4219 fruklum
2758 4161 3047 4235 pertineat,
3077 4161 3355 4234 praeclare
3386 4157 3556 4214 etiam

2016 4238 2247 4296 meritus
2279 4258 2309 4294 e
2353 4254 2553 4311 ,quem
2572 4237 2745 4293 modo
2779 4237 3089 4302 laudabam,
3118 4229 3512 4313 spanhemius.

2097 4320 2441 4379 10,161N
2508 4310 2964 4379 SARIMNIA)
3033 4309 3087 4364 h.
3128 4326 3178 4362 e.
3213 4326 3275 4364 vt
3316 4304 3554 4379 explicat

2014 4384 2367 4461 Sylburgius‚
2400 4383 2463 4439 in
2514 4382 2897 4458 Neapolitano
2933 4381 3218 4440 Sardiniae
3246 4377 3550 4437 territorio.

2015 4462 2160 4518 Nam
2195 4475 2251 4514 et
2267 4458 2616 4514 Ptolemaeus
2644 4457 2930 4513 Sardiniae
2954 4454 3257 4527 Neapolim
3284 4450 3554 4528 agndfcit,

2014 4535 2228 4608 Geogr.
2255 4530 2293 4587 l.
2331 4544 2379 4603 3.
2419 4542 2884 4588 SCHOETTG.
2962 4530 3105 4586 illud
3136 4534 3215 4594 [et
3258 4525 3349 4600 in]
3380 4524 3554 4582 nobit

2012 4620 2366 4681 pepererunt,
2393 4605 2489 4680 qui
2518 4604 2782 4681 Neapolae‘n
2828 4604 2986 4660 illam
3024 4602 3340 4677 principem
3380 4598 3557 4656 hodie

2019 4678 2178 4756 regni
2221 4678 2590 4753 cognominis
2636 4677 2964 4755 cogitanteS,
3010 4694 3039 4732 a
3077 4675 3331 4733 Sardinia
3371 4692 3557 4732 remo-

2014 4754 2262 4811 vendam
2311 4770 2594 4828 putarunt.

2097 4847 2179 4895 ιο,
2228 4834 2287 4884 16
2327 4838 2470 4885 Ρειι
2526 4838 2848 4887 GRAnvs
2896 4822 3557 4900 QosnAM)Theo-

2010 4901 2253 4976 phrastus
2299 4903 2424 4959 hist.
2463 4903 2542 4975 pi.
2602 4922 2655 4972 4,
2724 4914 2756 4973 4
2796 4903 2939 4975 φέρει
2990 4899 3047 4959 δῖ
3089 4898 3165 4958 'ra'
3208 4901 3346 4970 1⁴3⁸oe
3383 4897 3555 4955 πεῖσαν

2008 4968 2159 5041 a‘t'eoev·
2188 4974 2260 5035 τᾶ
2283 4973 2378 5048 μὴ
2418 4978 2524 5047 ‘yde
2551 4971 2833 5048 ἀφίενται,
2873 4971 2950 5037 ‘ra'
2978 4974 3036 5037 δῖ
3073 4977 3234 5041 ἀνθεῖ,
3265 4973 3341 5030 ‘ra‘
3373 4966 3442 5027 δι’
3464 4970 3552 5025 ε’κ-

3128 5136 3219 5188 ιο,
3263 5126 3330 5181 n
3382 5121 3546 5179 vit.
