4942 6167
1083 295 1322 460 ²24⁸
1607 347 1612 356 ’
1717 335 1766 424 ’.
1997 301 2473 454 vaGETn
2570 359 2765 433 Lm
2811 361 2955 434 111.
3060 350 3489 464 οΑΡςιν.

1179 577 1342 626 cum
1379 549 1727 642 acciderit,
1776 574 1860 626 ex
1895 544 2238 654 prioribus
2260 544 2589 622 'cruribus
2631 515 2899 643 sanguis
2934 519 3307 639 emittitur,
3353 546 3405 624 si
3456 549 3760 628 dextram
3782 559 3814 600 ²
3854 553 3961 628 ex'
3980 549 4237 630 sinistro
4264 566 4312 630 ⁸.

1179 661 1268 728 Et
1295 652 1344 727 fi
1368 657 1843 729 vehementius
1871 671 2227 752 vtramque
2251 654 2620 738 vitiauerit,
2688 654 2895 723 etiam
2934 655 3008 724 in
3052 651 3504 728 anterioribus
3534 652 3568 703 b
3610 654 3918 731 cruribus
3948 683 4163 731 venae
4188 657 4314 732 sol·

1064 769 1143 835 31
1178 773 1451 831 vuntur.
1555 751 1902 829 Perfrastis
1929 779 2093 827 vero
2128 750 2479 841 cornibus,
2524 753 2837 841 linteola,
2862 754 3048 842 sale,
3095 769 3301 855 atque
3338 772 3533 830 aceto
3576 773 3649 831 et
3688 759 3843 832 oleo
3886 757 4153 833 imbuta
4186 785 4312 860 po·
4382 785 4425 839 2
4492 839 4499 848 ,

1101 901 1113 916 ·
1153 853 1457 946 mantnt,
1484 858 2036 958 superligatisque
2059 881 2186 956 per
2212 854 2520 928 triduum
2546 853 2786 927 eadem
2812 854 3289 931 infunduntur.
3334 861 3594 956 Quarta
3621 858 3732 933 die
3760 875 4033 937 tantum
4054 876 4083 909 ⁹
4109 887 4314 935 axun-

1179 965 1289 1055 gia
1313 987 1471 1033 cum
1495 964 1652 1061 pice
1683 958 1861 1032 arida
1885 973 1957 1031 et
1979 961 2235 1031 cortice
2259 958 2404 1056 pini
2431 959 2578 1056 pari
2592 955 2911 1056 ‘pondere
2937 960 3349 1057 imponitur,
3380 976 3470 1032 et
3497 960 3581 1033 ad
3624 962 3941 1036 vltimum
3966 981 4131 1037 cum
4170 966 4309 1039 iam

1173 1065 1552 1135 cicatricem
1593 1060 2018 1163 producunt,
2078 1058 2300 1134 subito
2336 1054 2368 1104 ‘¹
2411 1056 2777 1131 infricatur.
2888 1060 3127 1133 Solent
3161 1076 3394 1134 autem
3430 1060 3744 1157 negteaa
3776 1064 4002 1138 vlcera
4037 1090 4307 1140 vermes

1171 1189 1436 1252 creare,
1465 1189 1637 1262 quae
1665 1159 1714 1233 fi
1743 1187 1944 1234 mane
1970 1187 2049 1233 ex
2078 1187 2249 1260 aqua
2275 1157 2519 1253 frigida
2546 1158 3071 1259 perfundantur,
3097 1165 3328 1256 rigore
3355 1166 3499 1237 eius
3535 1161 3898 1255 contr-asti,
3944 1165 4305 1253 decidnnt3

1170 1266 1305 1339 Vel
1333 1261 1389 1350 fi.
1411 1265 1579 1337 haec
1601 1266 1773 1336 ratio
1801 1263 1976 1336 nihil
2012 1261 2412 1362 profecerit,
2466 1261 2885 1336 marrubium
2923 1280 3043 1336 aut
3070 1289 3359 1364 porrum
3384 1271 3794 1357 conteritur,
3848 1268 4144 1343 admixto
4172 1270 4305 1349 sale

1169 1369 1577 1467 imponitur,
1622 1365 1735 1438 vel
1761 1365 1959 1438 calcis
1989 1367 2182 1438 viuae
2222 1365 2451 1465 puluis
2493 1364 2931 1463 inspergitur,
3000 1381 3120 1438 aut
3159 1365 3551 1440 cucurbitae
3596 1369 3821 1442 viridis
3861 1371 4099 1445 succus
4141 1395 4305 1444 cum

1050 1469 1134 1534 32
1169 1484 1363 1541 aceto
1395 1470 1706 1541 mittitur.
1802 1465 2109 1566 Ideoque
2138 1463 2458 1540 vniuerfis
2490 1463 2825 1538 vlceribus
2857 1468 3086 1565 picem
3111 1466 3434 1566 liquidam
3452 1526 3470 1559 ,
3521 1471 3756 1545 oleum
3777 1488 3975 1545 venis
4000 1489 4078 1547 et
4100 1499 4305 1546 axun-
4375 1501 4417 1569 3

1168 1573 1348 1664 giam
1381 1584 1660 1669 oportet
1687 1566 2017 1656 adhiberi,
2064 1582 2137 1641 et
2165 1583 2349 1642 extra
2385 1567 2669 1640 vulnera
2692 1570 2894 1640 etiam
2922 1566 3169 1641 eodem
3197 1570 3699 1647 medicamento
3726 1575 4183 1663 citcumliniri,
4212 1598 4303 1646 ne

1050 1679 1130 1747 33
1165 1670 1568 1746 infestentur
1592 1671 1901 1760 amusciS,
1930 1669 2040 1743 vel
2068 1695 2334 1742 vermes
2363 1684 2600 1741 creent
2624 1693 2784 1741 cum
2809 1669 3202 1744 vulneribus
3234 1671 3630 1752 inciderint,
3715 1680 4108 1776 Serpentise
4136 1701 4305 1776 quo·
4380 1700 4415 1752 1

1165 1800 1302 1873 que
1328 1771 1500 1846 istus
1526 1770 1917 1845 mortiferus
1949 1768 2044 1843 est
2076 1769 2333 1858 bobuS,
2388 1769 2501 1843 sed
2542 1786 2615 1842 et
2653 1774 3001 1846 minorum
3052 1774 3448 1847 animalium
3490 1778 3771 1850 noxium
3818 1781 4017 1851 viruS.
4114 1782 4308 1851 Nam
4396 1787 4413 1844 ἓ

1145 1880 1396 1975 vipera
1423 1892 1498 1947 et
1535 1875 1824 1949 Caecilia
1847 1875 1872 1918 f
1908 1898 2070 1945 eum
2111 1876 2185 1946 in
2220 1873 2479 1974 pascuis
2520 1870 2647 1943 bos
2683 1873 3072 1971 improuide
3115 1873 3605 1974 supercumbit,
3665 1874 4010 1952 ffimulo‘ff
4040 1881 4305 1955 morsu:

1156 1980 1583 2077 imprimunt.
1613 1988 1644 2037 ⁸
1691 1983 1999 2049 Araneus
2029 1999 2343 2076 quoque,
2404 1998 2613 2073 quem
2646 1975 2891 2046 Graeci
2929 1977 3264 2073 Mygalen
3298 1974 3331 2028 ¹¹
3368 1979 3749 2078 appellant,
3792 1984 3987 2081 parui
4023 1981 4307 2090 quidem

1158 2082 1497 2178 corporiS,
1533 2104 1692 2172 ,non
1718 2102 1996 2180 paruam
2021 2077 2195 2151 solet
2217 2074 2470 2149 inferre
2500 2077 2895 2176 perniciem.
2996 2083 3261 2150 Verum
3290 2081 3562 2180 viperae
3605 2105 3963 2158 venenum,
4001 2081 4305 2184 depellit,

951 2203 958 2214 .
1023 2224 1030 2230 ,
1156 2182 1356 2281 supra
1378 2197 1757 2270 tumorem,
1804 2183 1921 2280 qui
1947 2177 2225 2256 inflatiu-
2252 2204 2333 2250 ex
2356 2172 2528 2266 istu,
2560 2175 2948 2251 scarificatio
2991 2177 3176 2252 ferro
3204 2175 3411 2270 fasta,
3455 2186 3550 2255 ita
3577 2199 3653 2255 vt
3678 2182 3891 2258 herba
3920 2210 4126 2285 quam
4151 2212 4304 2286 per·
4424 2181 4437 2196 ’

1042 2303 1128 2371 34
1155 2279 1495 2357 sonatam¹
1524 2296 1801 2372 vocant,
1831 2277 2408 2381 imponatur‘trita
2434 2299 2597 2351 cum
2622 2280 2769 2352 sale.
2871 2278 3188 2354 Creditur
3213 2282 3395 2355 radix
3421 2280 3469 2355 fi
3496 2288 3776 2360 contusa
3802 2303 4102 2388 ponatur
4125 2288 4164 2378 ¹,
4190 2287 4303 2361 vel
4370 2319 4415 2369 2
4492 2371 4501 2378 ,

1155 2383 1308 2458 siler
1352 2401 1761 2458 montanum
1801 2385 2209 2484 reperiatur,
2275 2396 2348 2453 et
2387 2378 2722 2452 trifolium
2745 2384 3240 2478 Symonianum
3266 2396 3353 2472 ¹¹¹,
3409 2385 3597 2484 quod
3632 2385 3912 2482 fragofis
3958 2390 4129 2464 locis
4160 2386 4303 2464 effi·
4362 2453 4383 2477 Ι

1149 2485 1560 2560 caciffimum
1598 2488 1915 2575 nascitur,
1945 2483 2174 2558 odoris
2204 2483 2423 2577 grauis
2443 2538 2461 2569 ‚
2491 2478 2813 2553 bitumini
2836 2480 3098 2571 fimilis,
3145 2501 3434 2592 propter
3457 2488 3642 2587 quod
3671 2517 3710 2564 a
3739 2494 4017 2565 Graecis
4048 2492 4302 2593 asphal-

1150 2592 1301 2663 tion
1335 2602 1367 2636 ¹¹
1413 2591 1827 2689 appellatur,
1856 2584 2064 2660 nostri
2092 2601 2324 2659 autem
2349 2599 2638 2684 propter
2668 2582 2954 2677 figuram
2986 2600 3262 2659 acutum
3294 2587 3624 2663 trifolium
3653 2610 3919 2666 vocant.
3965 2619 4125 2667 nam
4152 2595 4302 2668 lon·

1038 2702 1121 2770 35
1153 2695 1252 2785 gis
1283 2708 1355 2764 et
1382 2692 1648 2768 hirsutis
1679 2691 1859 2763 foliis
1890 2692 2082 2775 viret,
2112 2686 2512 2781 caulemque
2542 2682 2997 2758 robustiorem
3022 2685 3182 2760 facit
3200 2715 3404 2787 quam
3431 2695 3760 2790 pratense.
3812 2695 4017 2769 huius
4048 2694 4298 2770 herbae
4370 2721 4413 2791 3

1147 2794 1384 2867 succus
1414 2817 1574 2865 cum
1604 2794 1764 2863 vino
1793 2787 2096 2863 faucibus
2123 2786 2549 2873 infundatur,
2593 2802 2796 2883 atque
2820 2788 2960 2887 ipsa
2993 2787 3156 2861 folia
3183 2815 3342 2864 cum
3367 2793 3497 2865 sale
3547 2799 3705 2869 trita
3737 2798 4181 2898 imponantur
4222 2802 4297 2871 in

1146 2895 1438 2993 plagam.
1481 2895 1486 2906 '
1541 2891 1753 2975 Quod
1780 2888 1829 2962 fi
1855 2888 2139 2962 viridem
2166 2890 2449 2960 minime
2488 2890 2871 2987 reperiunt,
2922 2891 3177 2964 semina
3221 2895 3364 2966 eius
3408 2892 3693 2970 collessa
3737 2913 3814 2974 et
3847 2901 4008 2973 trita
4046 2898 4299 2988 damur

1065 3057 1078 3076 ,
1144 2995 1228 3067 ad
1256 2993 1639 3095 potandum
1667 3017 1826 3070 cum
1854 2994 2033 3067 vino.
2134 2988 2415 3063 Radices
2447 3015 2725 3089 quoque
2750 2993 2897 3064 eius
2922 3016 3082 3064 cum
3107 2994 3308 3067 succo
3337 3006 3368 3040 ⁰
3397 2991 3605 3070 cauli&
3637 3002 3854 3088 tritae,
3882 2995 4108 3076 addite
4128 2989 4295 3076 hora

1035 3088 1119 3169 3⁶
1146 3097 1392 3171 deacea
1416 3096 1628 3192 farina
1657 3112 1729 3168 et
1752 3096 1900 3183 sale,
1929 3117 2089 3168 cum
2118 3115 2290 3192 aqua
2318 3091 2530 3164 mulsa
2556 3091 3013 3167 scarificationi
3040 3096 3618 3196 superponuntur.
3723 3100 3833 3174 Est
3864 3106 4069 3176 etiam
4099 3129 4293 3203 prae·
4361 3129 4411 3201 4

1143 3199 1291 3274 sens
1322 3198 1707 3271 remedium
1733 3194 1781 3268 fi
1795 3195 2401 3270 fraxinicacumina
2424 3210 2665 3266 tenera
2691 3209 3001 3269 conteras
3029 3221 3190 3270 cum
3214 3200 3507 3274 sextariis
3528 3205 3670 3275 vini
3687 3220 3980 3301 quatuor
3994 3205 4104 3279 vel
4133 3205 4291 3294 olei,

1141 3296 1658 3401 expressumque
1688 3301 1962 3374 succum
1988 3295 2297 3371 faucibus
2324 3295 2660 3369 infundas.
2759 3300 3078 3400 Itemque
3103 3305 3454 3376 cacumina
3481 3304 3780 3379 eiusdem
3830 3305 4084 3381 arboris
4128 3327 4291 3406 cum

1139 3403 1272 3477 sale
1297 3406 1457 3475 trita
1494 3397 1678 3475 laefis
1722 3399 1990 3474 naribus
2020 3412 2054 3461 Ρ
2098 3403 2532 3500 superponas.
2639 3400 2965 3473 Caeciliae
2994 3414 3029 3463 ‘l
3076 3403 3262 3475 enim
3303 3405 3566 3479 morsus
3608 3421 3993 3499 tumorem,
4037 3411 4294 3512 suppm

1138 3510 1501 3602 fatumque
1527 3518 1828 3598 generat.
1877 3502 2199 3603 idemque
2239 3500 2401 3574 facit
2440 3503 2653 3573 muris
2696 3505 2935 3574 aranei.
2984 3515 2991 3520 “
3038 3502 3171 3577 Sed
3214 3507 3541 3580 Caeciliae
3583 3510 3848 3602 morsus
3891 3512 4188 3602 sanatur,
4235 3506 4289 3584 fi

1028 3607 1116 3676 ³7
1139 3633 1265 3680 acu
1290 3631 1484 3680 aerea
1508 3607 1742 3678 locum
1766 3606 2018 3678 laesum
2045 3626 2505 3703 compungaS,
2560 3617 2633 3674 et
2661 3618 2846 3674 creta
2888 3606 3177 3678 Cimolia
3202 3618 3225 3652 ²
3270 3634 3351 3680 ex
3389 3625 3582 3682 aceto
3625 3609 3872 3685 oblinis
3903 3627 3961 3686 ⁸:
4060 3616 4293 3688 Muris
4362 3633 4403 3717 ς

1133 3701 1302 3782 'vero
1329 3711 1707 3809 pernicies,
1753 3704 1803 3778 fi
1833 3706 2078 3780 animal
2100 3707 2321 3804 ipsum
2350 3705 2509 3775 oleo
2535 3704 2833 3776 mersum
2862 3729 3095 3795 necea,
3146 3721 3220 3780 et
3242 3709 3516 3809 plagam
3555 3708 3871 3787 dentium
3913 3741 3997 3789 ex
4036 3716 4288 3789 eodem

1139 3810 1492 3884 confrices.
1547 3806 1735 3907 quod
1763 3805 1812 3880 fi
1841 3831 1985 3880 non
2009 3805 2248 3894 fuerit,
2294 3807 2669 3877 contritum
2695 3807 3027 3880 ciminum
3053 3819 3213 3882 cum
3242 3812 3464 3909 picula
3492 3821 3515 3854 ³
3556 3827 3628 3884 et
3654 3819 3940 3910 axungia
3963 3874 3981 3908 ,
4009 3833 4086 3894 vt
4114 3816 4288 3891 fimi-

1026 3910 1107 3985 ³8
1139 3911 1500 3985 litudinem
1527 3909 1899 4002 malagmae
1927 3905 2190 3995 habeat,
2235 3902 2632 4005 impositum
2662 3907 2923 4007 plagae,
2971 3914 3343 4011 perniciem
3368 3909 3751 3989 submonet.
3852 3919 4066 4002 Quod
4094 3917 4141 3992 fi
4172 3947 4286 3994 an·
4354 3949 4404 4018 ς

1135 4032 1416 4112 tequam
1447 4026 1681 4083 tumor
1707 4008 2126 4097 discutiatur,
2171 4008 2567 4107 suppuratio
2595 4007 2808 4083 fuerit
2844 4027 3202 4108 generata,
3259 4038 3302 4086 o
3352 4016 3605 4089 timum
3651 4015 3747 4090 est
3792 4023 3994 4114 ignea
4036 4022 4287 4096 lamina

1137 4113 1250 4185 vel
1277 4114 1578 4186 cauterio
1625 4104 2103 4212 concitionem
2145 4113 2437 4210 aperire,
2516 4110 2845 4212 quidquid
2885 4114 3201 4187 vitiosum
3243 4039 3350 4187 αἱ
3377 4117 3685 4208 inurere,
3740 4137 3946 4220 atque
3983 4126 4077 4196 ita
4118 4145 4284 4204 cum

1138 4213 1391 4313 liquida
1417 4216 1572 4313 pice
1606 4228 1679 4285 et
1708 4213 1864 4284 oleo
1894 4212 2194 4284 inlinere.
2259 4212 2561 4297 Quidam
2588 4217 2826 4289 viuum
2854 4240 3124 4288 murem
3150 4237 3466 4290 araneum
3497 4239 3680 4296 creta
3707 4221 3969 4316 figulari
3995 4228 4282 4298 circum-

1025 4312 1112 4388 39
1142 4314 1333 4405 dant,
1381 4332 1454 4388 et
1483 4315 1665 4390 collo
1698 4324 1734 4359 ¹¹
1778 4312 1992 4387 boum
2023 4314 2471 4418 suspendunt,
2518 4318 2918 4417 morsusque
2946 4313 3163 4417 „ipsius
3196 4315 3443 4393 'bestiae
3484 4321 3917 4398 submonent.
4022 4329 4279 4402 Oculo·
4349 4362 4398 4429 7

1135 4409 1481 4496 ruin'vitia
1514 4417 1811 4519 plurima
1845 4419 1919 4490 in
1959 4417 2088 4490 illis
2119 4431 2147 4463 ¹
2185 4420 2523 4493 sanantur.
2622 4423 2816 4493 Nam
2860 4415 3002 4492 flue
3037 4421 3520 4497 intumuerunt
3557 4450 3730 4527 aqua
3768 4427 3981 4502 mulsa
4017 4433 4281 4503 triticea

1095 4539 1114 4552 ‘
1207 4579 1238 4594 ,.
2487 4592 2513 4618 ,
2666 4551 2670 4570 ¹
3720 4559 3733 4564 ·
4062 4530 4283 4606 farina

1199 4635 1266 4705 2)
1291 4633 1535 4696 debebat
1572 4634 1822 4692 dextrum
1844 4661 1945 4680 —-
1968 4648 2269 4709 vtrnmqne.
2350 4633 2407 4707 a)
2446 4630 2673 4688 Colum.
2755 4631 2837 4705 m)
2863 4630 3239 4694 Simonimum
3262 4637 3390 4699 edd.
3466 4641 3533 4717 n)
3555 4629 3721 4701 Sic'in
3737 4661 3904 4723 marg.
3915 4645 4127 4706 Fabi-ic.
4142 4663 4278 4705 etex

1137 4710 1312 4779 addit.
1322 4709 1389 4782 fi
1407 4710 1613 4766 laeuum
1638 4708 1952 4789 infin-istro.
2030 4711 2091 4781 b)
2118 4704 2674 4834 debebatpfferiofi-
2754 4697 2979 4765 Colum.
2998 4709 3184 4787 Morg.
3207 4713 3483 4804 asphalton
3510 4718 3636 4775 edu.
3706 4717 3887 4792 o)sn0
3909 4723 4063 4777 ceule
4083 4723 4216 4781 Mor
4255 4757 4276 4777 .

1135 4785 1248 4841 bns.
1325 4786 1385 4857 c)
1412 4783 1563 4842 forte
1574 4787 1819 4841 tandem.-
1856 4784 2084 4843 Colum.
2100 4784 2323 4837 demum.
2439 4784 2462 4847 )
2477 4777 2667 4864 [Δις-ο
2751 4782 2858 4848 ΙΙΙ,
2886 4793 2972 4852 32.
3049 4784 3110 4858 p)
3121 4792 3375 4860 partibus
3399 4791 3568 4848 idem.
3656 4790 3719 4867 q)
3747 4793 3975 4854 Celiciae
4000 4795 4125 4853 edd.
4155 4739 4273 4852 vig,

1136 4858 1454 4918 cholum.
1471 4859 1768 4948 uagam.
1844 4860 1901 4931 e)
1920 4858 2147 4913 Colum.
2165 4862 2219 4920 6,
2248 4870 2328 4919 17.
2395 4850 2456 4922 f)
2481 4849 2669 4906 celicia
2750 4872 2847 4911 ne.
2862 4853 3166 4926 fieti-ons.
3197 4863 3263 4921 ad
3279 4877 3459 4922 totum
3476 4863 3533 4920 h.
3550 4866 3590 4921 l.
3623 4867 3809 4943 Morg.
3829 4868 3937 4935 III,
3956 4885 4047 4942 34.
4125 4872 4179 4939 r)
4201 4889 4277 4925 ct-

1129 4934 1197 5000 Γ.
1223 4934 1281 4990 S.
1337 4952 1444 4991 nos
1480 4933 1762 5010 sequimur
1801 4934 2025 4991 Colum.
2061 4945 2119 5013 et
2154 4930 2403 5001 Morgag.
2429 4925 2545 4990 III,
2576 4937 2664 5010 39.
2746 4928 2912 5016 mole-a
2941 4931 3066 4988 edd,
3176 4941 3231 5009 ς)
3258 4938 3494 4996 debebat
3518 4937 3734 5004 oblim„
3766 5007 3773 5016 ι
3850 4959 3875 4999 t
3915 4942 4037 5019 pice
4069 4942 4277 5019 ἂρα,

1132 5005 1216 5078 ff)
1241 5005 1735 5084 fortestt‘nwlaetaee.
1829 5008 1889 5093 g)
1911 5005 2040 5087 ‘⁸2¹⁹‘
2064 4999 2165 5057 mil
2200 5000 2302 5057 Mo
2369 5037 2386 5054 .
2482 4997 2545 5072 h)
2570 5001 2665 5056 Sic
2750 5021 2906 5061 com.
2947 5007 3081 5065 Mor
3119 5050 3133 5065 ,
3171 5011 3213 5068 1,
3238 5032 3284 5067 ρ,
3404 5008 3609 5081 ¹201·ae
3641 5031 3746 5088 pm
3782 5032 3843 5073 ς,
3879 5035 3917 5073 ae
3948 5035 4015 5076 a
4042 5018 4273 5077 Colum.

1131 5082 1652 5156 Colum.me]gaeltem
1668 5079 1793 5136 cdd.
1821 5073 2327 5150 .1)‚SicexColum.
2413 5092 2539 5150 orgo
2553 5075 2669 5143 III,
2749 5082 2815 5157 2)
2837 5077 2984 5144 mela
3005 5083 3066 5140 i„
3090 5124 3105 5141 ,
3139 5086 3330 5166 Mag,
3355 5085 3465 5143 ΠΙ,
3493 5097 3584 5160 35,
3698 5139 3711 5152 ⁹
3832 5125 3841 5132 ,
3994 5145 4013 5154 -

1129 5169 1223 5234 31.
1255 5154 1620 5235 perstantium
1659 5152 1785 5211 edd.
1901 5150 1949 5226 l)
1974 5145 2044 5207 fic
2069 5149 2243 5210 idem.
2269 5163 2497 5207 conatur
2534 5150 2661 5211 edd.

4084 5225 4275 5319 y5pr·
