4942 6167
3396 31 3737 46 ἼἮ,π-,τὴ-,
3770 33 3821 36 ψ
3874 35 3877 36 ⁷
3946 35 3947 38 ,

927 423 938 430 ’
1037 415 1368 492 ARTIS
1409 415 2245 534 VETEulNARIAE
2290 423 2527 498 SIVE
2574 359 2903 498 MvLo
2940 430 3046 502 M.
3224 527 3239 558 ι
3476 457 3613 536 223

446 602 718 692 stolam,
767 615 847 676 vt
875 626 1030 701 pars
1055 604 1200 676 eius
1231 606 1306 676 in
1333 629 1458 677 ore
1478 618 1684 693 extet,
1734 630 1940 707 quam
1966 608 2111 680 lino
2140 606 2509 704 diligenter
2536 612 2794 707 ligabis,
2844 642 2936 690 ne
2963 611 3169 717 possit
3195 603 3398 692 elabi:
3452 644 3607 720 pars

442 733 608 781 vero
638 706 806 777 foris
836 721 1044 792 exeat,
1088 730 1260 803 quae
1292 706 1736 780 nihilominus
1766 706 2287 802 constringenda
2316 711 2413 785 est
2440 715 2581 786 lino
2608 742 2697 788 ne
2725 717 2932 790 cadat.
3023 717 3251 791 triduo
3282 718 3311 765 ‘¹
3342 748 3605 821 perma-

439 824 639 896 neat,
688 810 972 906 quartae
1007 806 1118 878 die
1157 829 1294 906 pap
1325 835 1501 882 ‘mm
1539 809 1848 898 eximes,⁴
1872 811 2374 911 collyriumque
2415 815 2501 886 ad
2549 816 3056 907 longitudinem
3100 836 3171 892 et
3215 841 3603 904 canaturam

440 911 740 984 vulneris
773 906 864 979 ad·
883 904 1152 980 arama
1176 905 1202 951 f
1226 907 1276 981 fi
1510 908 1846 999 subiicies,
1901 927 1975 983 et
1995 937 2086 984 ne
2112 912 2292 986 forte
2330 914 2607 1006 labatur,
2656 919 2953 991 fasciabis
2987 923 3238 1008 locum,
3291 927 3485 998 ita-vt
3516 925 3601 998 ad

434 1008 989 1118 manducandum
1030 1007 1235 1108 poffit
1259 1012 1553 1084 maxillas
1594 1015 1881 1105 agitare:
1926 1015 2132 1086 tertio
2171 1013 2279 1086 die
2316 1017 2556 1089 solues
2659 1022 2727 1091 si
2756 1019 2970 1094 fistula
2986 1022 3323 1113 ceciderit,
3354 1024 3592 1099 diebus
3650 1050 3694 1098 2

435 1115 699 1214 septem
739 1127 1099 1203 vnguento
1145 1115 1548 1185 tiaumatico
1572 1124 1604 1172 ⁸
1643 1110 1923 1186 curabis.
1971 1112 2220 1187 deinde
2267 1118 2631 1215 collyrium
2674 1146 2755 1192 ex
2796 1124 3005 1194 melle
3037 1140 3110 1195 et
3152 1128 3298 1197 erui
3326 1128 3595 1224 polline

435 1210 804 1296 decostum
827 1211 1133 1285 subiicies
1162 1212 1247 1284 ad
1274 1213 1780 1312 plenitudinem
1805 1214 2156 1289 foraminis
2201 1216 2439 1291 diebus
2468 1222 2801 1319 plurimis.
2900 1225 3008 1296 Ad
3037 1224 3355 1302 Vltimum
3372 1284 3389 1315 ‚
3438 1255 3593 1302 ana-

429 1318 846 1494 pleroticum
881 1310 912 1359 ¹¹
933 1312 1385 1488 fflgmlnefi
1411 1317 1832 1406 medicamen
1857 1319 2188 1416 imponis,
2236 1317 2461 1392 donec
2488 1325 2710 1396 omnis
2743 1314 2972 1424 plaga,
3016 1323 3224 1399 'dusta
3260 1331 3585 1418 cicatrice,

461 1417 774 1493 olidetur.
877 1422 936 1489 F

1127 1441 1202 1488 re
1230 1432 1462 1506 autem
1488 1418 1853 1536 collyrium
1886 1417 2014 1496 hac
2046 1422 2311 1492 ratione
2338 1421 2698 1496 conficies:
2755 1423 2912 1498 anifi
2946 1420 2963 1470 ἰ
3004 1430 3265 1500 vnciam
3305 1452 3360 1517 1,
3405 1430 3585 1520 feru-
3636 1419 3682 1524 '3

431 1522 535 1593 lae
562 1514 598 1563 k
632 1521 904 1622 rpeiam
941 1539 972 1589 1
993 1574 1015 1605 ,
1059 1520 1396 1611 aeruginis
1435 1543 1604 1590 aeris
1649 1522 1917 1592 vnciam
1955 1543 2024 1609 1,
2073 1519 2433 1596 battiturae
2478 1523 2791 1598 calcetis¹
2832 1517 3098 1599 v‘nciam
3137 1551 3163 1599 1
3189 1585 3206 1615 ,
3273 1533 3503 1604 cimini
3533 1544 3585 1577 π·

430 1623 704 1698 seminis
736 1623 1004 1693 vnciam
1039 1642 1070 1690 1
1092 1675 1111 1707 ,
1176 1633 1356 1691 teres
1401 1645 1562 1693 cum
1614 1637 1807 1693 aceto
1849 1625 2178 1696 acerrimo
2195 1679 2213 1712 ,
2262 1640 2335 1697 et
2375 1627 2752 1703 secundum
2783 1629 3178 1729 qualitatem
3202 1631 3585 1723 vulnerum,

429 1748 590 1800 cum
615 1723 770 1796 vsus
797 1723 1100 1815 exegerit
1118 1775 1137 1809 ,
1179 1721 1464 1820 collyria
1489 1721 1831 1798 formabis.

631 1859 952 1930 XXVII.
1049 1881 1507 1931 usa-vtae
1537 1856 1920 1947 nascuntur,
1967 1860 2240 1957 quoties
2274 1884 2561 1950 neruus,
2612 1878 2729 1936 aut
2780 1864 3134 1958 cartilago,
3183 1879 3301 1938 aut
3343 1891 3421 1938 os
3468 1889 3587 1937 ne·

424 1960 754 2054 gligentia
774 1957 885 2029 vel
921 1958 1258 2055 imperitia
1301 1962 1629 2044 curantis,
1683 1984 1764 2030 ex
1806 1960 2045 2058 plagae
2078 1961 2357 2034 alicuius
2399 1963 2629 2036 tabido
2663 1966 2958 2039 humore
2989 1970 3278 2039 vitiatur.
3372 1972 3584 2039 Tunc

424 2063 611 2133 enim
643 2084 817 2159 quae
844 2070 872 2103 ²
909 2061 1430 2147 commeauerit,
1485 2058 1567 2132 ad
1600 2059 1800 2132 instar
1843 2062 2171 2148 cuniculi,
2223 2088 2498 2136 carnem
2538 2065 2810 2139 indurat
2839 2084 2910 2138 et
2950 2069 3255 2156 incallat,
3300 2081 3372 2139 et
3401 2066 3481 2140 fit
3508 2066 3583 2138 fi-

421 2159 621 2251 stula,
673 2187 848 2260 quae
875 2159 1060 2233 nulla
1085 2164 1348 2233 ratione
1379 2162 1590 2236 sanari
1669 2159 1870 2249 otest,
1917 2188 2047 2234 nec
2073 2164 2433 2260 aliquando
2465 2169 2683 2254 coire,
2734 2193 2864 2239 nec
2890 2168 3183 2258 solidari,
3232 2165 3353 2240 nifi
3386 2170 3581 2268 peni-
3628 2225 3635 2233 .

419 2279 533 2338 tus
582 2266 933 2337 eximatur.
1033 2265 1263 2335 Huius
1312 2288 1352 2335 a
1393 2262 1551 2335 diue
1610 2290 1666 2336 1s
1695 2259 2079 2336 auEtoribus
2121 2265 2360 2337 tradita
2406 2264 2502 2338 est
2544 2266 2803 2341 diuersa
2851 2273 3129 2342 curatio.
3229 2270 3363 2340 Alii
3395 2273 3578 2339 enim
3632 2304 3674 2352 2

421 2365 739 2466 scalpello
786 2363 1065 2438 resecari
1105 2379 1177 2436 et
1202 2366 1446 2465 aperiri
1475 2364 1746 2453 iubent,
1792 2380 1867 2437 et
1894 2366 2390 2465 syringotomio
2426 2363 2459 2413 ¹³
2502 2367 2895 2458 decarnari„
2924 2369 3434 2442 medicamentis
3485 2397 3575 2442 ue
3730 2354 3741 2366 ’

421 2469 758 2542 acerrimis
782 2468 1108 2556 consumi,
1162 2482 1234 2539 et
1262 2463 1355 2538 fic
1382 2463 1823 2566 postmodum
1848 2467 2097 2540 vulnus
2124 2468 2207 2540 ad
2235 2471 2620 2544 cicatricem
2652 2475 2856 2548 coire.
2966 2472 3178 2555 Quod
3207 2497 3366 2543 cum
3394 2473 3459 2543 la
3507 2497 3578 2543 o-

421 2573 512 2644 ris
558 2596 638 2643 ac
680 2569 1072 2643 discriminis
1117 2566 1362 2642 habeat
1406 2569 1818 2668 plurimum,
1890 2572 2116 2641 minus
2160 2587 2391 2643 tamen
2437 2570 2730 2671 prodest.
2872 2573 3009 2644 Alii
3059 2597 3223 2646 vero
3274 2577 3575 2645 cauterio
3634 2617 3674 2683 3

422 2698 703 2746 omnem
729 2669 1013 2745 fistulam
1037 2668 1457 2760 inurendam,
1491 2673 1877 2771 vicinasque
1902 2689 2127 2772 partes
2161 2677 2306 2746 eius
2334 2671 2608 2773 punstis
2636 2673 3061 2746 sernentibus
3091 2700 3578 2774 praerumpen-

420 2774 532 2847 das
575 2770 709 2846 ess'e
737 2774 1107 2860 duxerunt,
1154 2774 1468 2870 quatinus
1497 2799 1626 2870 per
1649 2775 1886 2868 ignem
1931 2771 2295 2847 callositate
2339 2774 2683 2863 submota,
2730 2774 3032 2847 astalti‘cis
3060 2791 3088 2820 ⁰
3129 2776 3581 2849 medicamen·

417 2880 504 2950 tis
542 2875 828 2950 vulnera
959 2885 1368 2947 rcurentur.'
1434 2874 1568 2948 Sed
1601 2876 1842 2948 melius
1879 2874 1979 2962 est
2011 2872 2336 2964 fistulam,
2383 2873 2553 2949 ficut
2590 2878 2899 2975 superius
2927 2874 2955 2920 ‘¹
2998 2878 3414 2950 declaratum
3458 2873 3575 2965 est,

415 2983 662 3082 papyri
688 2981 784 3054 ini
897 2981 1061 3052 'one
1082 3001 1335 3052 curare.
1387 2979 1542 3075 quia
1573 3002 1800 3077 neque
1824 3003 2111 3065 neruuS,
2160 3004 2388 3075 neque
2413 3005 2617 3066 vena,
2670 3001 2899 3076 neque
2926 2976 3353 3073 commissura
3383 3006 3575 3053 vexa·

414 3097 562 3154 tur..
595 3083 787 3176 Nam
814 3079 1127 3180 scalpello
1154 3078 1268 3153 vel
1297 3081 1595 3151 cauterio
1624 3080 1820 3179 saepe
1853 3077 1934 3151 fit
1964 3081 2153 3151 causa
2184 3079 2502 3168 deterior,
2550 3095 2626 3151 et
2652 3081 3037 3178 periculum
3069 3097 3299 3153 creant
3326 3092 3369 3152 ².
3417 3083 3575 3155 Col·
3630 3123 3679 3191 ⁴

414 3183 441 3255 l
489 3185 671 3256 rium
697 3205 861 3256 vero
891 3195 1173 3255 omnem
1199 3177 1634 3253 callositatem
1684 3178 1942 3253 fistulae
1971 3179 2057 3251 de
2094 3180 2231 3252 alto
2276 3206 2315 3251 a
2356 3179 2578 3251 radice
2610 3175 2754 3252 eius
2811 3185 3062 3253 eximit.
3160 3182 3372 3263 Quod
3400 3179 3449 3254 fi
3494 3208 3573 3253 os

415 3211 625 3358 sinerii:
649 3300 965 3359 vexatum
1004 3281 1193 3383 quod
1221 3298 1537 3381 oporteat
1566 3281 1706 3354 radi
1730 3296 1972 3382 patens
2010 3281 2294 3369 vulnus,
2327 3306 2455 3380 per
2483 3279 2964 3355 medicamenti
2991 3308 3222 3356 curam
3250 3309 3392 3355 non
3419 3297 3576 3383 pot-

417 3383 516 3458 est
557 3386 886 3486 impediri.
988 3389 1055 3458 Si
1092 3410 1256 3458 vero
1298 3385 1369 3455 in
1415 3385 1552 3456 alto
1580 3383 1768 3457 tabes
1795 3383 2029 3482 ⁸a'liqua
2060 3381 2171 3455 vel
2212 3409 2465 3456 neruus
2512 3398 2628 3454 aut
2669 3382 2987 3476 cartilago
3019 3387 3442 3472 remanserit,
3489 3411 3575 3456 ex

410 3589 605 3692 pidat
639 3606 844 3690 atque
871 3591 1202 3689 persanat.

418 3487 670 3562 eodem
696 3488 979 3588 collyrio
1003 3487 1366 3588 puluerem
1397 3485 1623 3577 facies,
1676 3503 1749 3559 et
1775 3484 2172 3585 frequenter
2204 3486 2479 3556 iniicies.
2584 3486 2834 3557 Omnia
2864 3487 3051 3558 enim
3076 3486 3359 3561 vulnera
3385 3487 3571 3560 elim-

3068 3637 3107 3672 st

614 3726 675 3792 X
690 3723 829 3792 XV
842 3723 876 3791 Ι
891 3723 988 3790 ΙΙ.
1085 3746 1114 3791 1
1129 3747 1178 3793 ιε
1202 3743 1248 3792 ·r
1266 3744 1314 3790 r.
1337 3745 1384 3790 ιι
1403 3746 1447 3790 n
1465 3745 1520 3792 v
1539 3743 1600 3788 n
1628 3714 1714 3787 ad
1750 3710 2258 3788 similitudinem
2289 3714 2662 3812 synanches
2681 3713 3078 3788 animalibus
3108 3714 3339 3790 fauces
3368 3728 3440 3785 et
3466 3736 3573 3784 ca-

406 3835 545 3924 put
567 3822 851 3895 interius
884 3820 1366 3907 intumescunt,
1412 3817 1580 3889 adeo
1614 3815 1948 3891 vtbibere
1979 3834 2097 3892 aut
2127 3816 2531 3890 manducare
2563 3842 2705 3889 non
2737 3812 3004 3915 poffint.
3105 3819 3312 3890 Cuius
3340 3830 3572 3887 totum

410 3939 486 3997 et
513 3950 594 3998 oa
627 3942 700 3997 et
727 3924 960 4016 lingua
979 3947 1154 4020 aqua
1183 3920 1393 3994 calida
1423 3919 1864 4008 fomentatur,
1911 3939 1982 3991 et
2011 3922 2277 3994 taurino
2306 3917 2877 4017 felleperlinitur.
2978 3921 3174 3992 Potio
3206 3932 3437 3992 autem
3462 3914 3570 3987 da·
3626 3952 3673 4004 2

412 4041 530 4097 tur
555 4024 954 4098 huiusmodi
984 4022 1071 4097 ad
1093 4047 1327 4095 cornu.
1433 4022 1589 4094 Olei
1615 4023 1862 4094 veteris
1893 4017 2092 4092 libras
2123 4047 2183 4109 2,
2235 4023 2374 4092 vini
2403 4021 2763 4093 sextarium
2794 4043 2817 4091 ι
2848 4033 2877 4064 ⁸
2904 4021 3301 4094 commisces
3328 4015 3394 4106 b,
3446 4044 3571 4090 no-

410 4151 573 4220 vem
604 4141 632 4172 ⁶
675 4151 955 4228 quoque
998 4129 1259 4198 Carinas
1289 4149 1451 4197 cum
1489 4148 1750 4198 nouem
1785 4122 2117 4225 capitibus
2145 4147 2515 4222 porrorum
2554 4121 2930 4222 decoques‚
2975 4133 3047 4196 e‘t
3075 4118 3573 4218 diligentiflime

412 4327 480 4387 ad
497 4347 614 4403 cap.
629 4337 722 4397 28,
744 4346 792 4387 1.
831 4330 922 4387 De
938 4324 1123 4401 reipsa
1138 4325 1252 4382 vid.
1272 4343 1325 4391 ο,
1340 4338 1426 4397 13,
1444 4343 1491 4395 ς.
1552 4325 1618 4398 d)
1630 4324 1942 4403 trimpenn.

413 4422 530 4461 om.
560 4405 615 4459 S.
649 4405 719 4461 M
731 4443 749 4459 .
812 4404 869 4472 e)
897 4401 1010 4457 elia
1038 4401 1089 4456 S.
1103 4402 1186 4456 M.
1261 4399 1321 4469 f)
1348 4400 1580 4455 radicem
1597 4398 1713 4476 fist.
1741 4399 1948 4457 inficiet

409 4480 467 4536 8.
492 4479 578 4534 M.
647 4483 707 4554 g)
731 4474 1091 4550 traegmaentt'co
1117 4475 1172 4529 S.
1198 4474 1279 4529 M.
1355 4473 1419 4544 h)
1442 4473 1838 4550 apostolicum&
1852 4476 1940 4532 M.

408 4549 770 4626 oetaestolicuni
812 4547 1037 4608 videtur
1071 4545 1359 4623 cogitasse:
1402 4549 1474 4605 de
1511 4567 1625 4623 quo
1664 4549 1943 4608 Vid.1nd.

409 4626 459 4698 i)
491 4624 661 4696 Amst
691 4642 814 4681 vac.
858 4624 1001 4680 trita
1035 4640 1150 4678 cnm
1179 4619 1340 4691 forti
1372 4636 1519 4677 aceto
1556 4620 1714 4697 nche
1749 4636 1805 4678 et
1835 4623 1945 4696 fac

408 4696 625 4773 collyria
639 4713 743 4775 pro
785 4697 1050 4778 qualitate
1075 4697 1356 4753 vaber-um
1393 4714 1506 4752 cnm
1535 4695 1662 4772 vsoes
1701 4696 1944 4772 exegerit

408 4775 464 4832 S.
493 4775 576 4833 M.
651 4777 759 4832 Pro
791 4771 937 4843 aemss
953 4770 1109 4829 coni.
1138 4768 1275 4843 myst
1290 4769 1659 4854 &gorgagdlss
1693 4789 1771 4840 ιγ.
1802 4772 1941 4829 coll.

409 4851 553 4924 Veg.
577 4867 636 4919 4,
654 4854 743 4906 16.
822 4849 883 4918 k)
895 4845 1118 4917 seculae
1140 4844 1300 4901 coni.
1323 4843 1402 4900 nd.
1430 4843 1572 4900 ibid.
1648 4847 1692 4916 l)
1717 4845 1948 4919 chalybis

410 4922 564 4980 coni.
575 4922 640 4979 in
663 4938 834 5009 marg.
865 4920 1102 4994 exempli
1117 4918 1328 4978 Fabi-ic.
1357 4916 1450 4974 sed
1475 4917 1777 4991 legendum
1800 4921 1943 4976 chal-

407 4993 564 5129 griss
628 5000 897 5128 affppntne
929 5012 1087 5053 certe
1121 5013 1188 5052 ea
1228 4994 1342 5051 huc
1371 4989 1544 5080 facit,
1585 4989 1645 5121 ίέ
1659 4993 1943 5138 affiavnliffi

409 5087 678 5238 ,552203
705 5079 857 5205 5333
866 5143 1014 5203 ...1
1021 5070 1535 5223 ‚amaras
1623 5105 1946 5221 sm...

3228 4239 3569 4308 contereS,

2027 4343 2149 4400 qu.
2219 4324 2391 4397 b)1ta
2427 4320 2727 4382 rescribere
2755 4322 2915 4382 aufiis
2950 4320 3089 4382 sum.
3163 4321 3312 4382 Editi
3326 4320 3572 4399 stringo-

2029 4397 2210 4466 tonn‘O,
2243 4395 2398 4473 quod
2425 4413 2608 4454 ortum
2634 4398 2963 4473 exstringot.
3037 4399 3191 4472 quod
3218 4415 3334 4452 came
3360 4393 3577 4470 rasom’o,

2029 4474 2173 4531 ests.
2191 4473 2278 4529 M.
2295 4472 2465 4545 gloffa
2492 4471 2584 4530 est.
2655 4475 2843 4546 ltaque
2856 4470 3243 4546 ,ly-inguen&
3259 4470 3575 4546 legendum
3624 4533 3627 4538 ,

2029 4547 2226 4606 videre
2261 4561 2392 4601 ante
2431 4564 2540 4601 nos
2579 4547 2620 4600 1.
2660 4551 2733 4604 A.
2772 4545 3083 4612 Fabricius,
3121 4546 3215 4601 vel
3255 4543 3294 4600 fi
3337 4541 3571 4602 alterius

2028 4620 2405 4679 coniefflmm
2435 4619 2539 4684 ille
2560 4619 2663 4680 suo
2686 4621 2942 4693 exemplo
2966 4618 3255 4692 adscripsit,
3282 4633 3403 4674 tum
3418 4617 3567 4674 Plat-

2025 4714 2214 4760 nerus‚
2255 4710 2315 4752 et
2343 4694 2820 4769 Morgagnusdv,
2857 4707 2944 4756 ιε.
3021 4699 3076 4762 c)
3115 4689 3362 4767 causticis
3394 4691 3448 4747 S.
3474 4690 3563 4748 M.

2025 4769 2134 4830 Sed
2159 4785 2297 4842 puto
2324 4785 2521 4826 verum
2549 4767 2941 4843 effestaltice‘s:
2978 4769 3134 4842 quod
3163 4769 3201 4823 h
3251 4767 3262 4777 '
3322 4764 3402 4823 rei
3435 4784 3573 4839 proq

2028 4844 2212 4921 prium
2258 4843 2499 4901 verbum
2545 4840 2642 4898 est.
2679 4862 2716 4897 ι
2757 4839 2994 4900 adhaesit
3032 4860 3095 4898 ex
3153 4861 3190 4897 ν
3296 4858 3332 4895 o
3379 4838 3567 4913 proxi·

2027 4939 2139 4978 mo.
2191 4919 2258 4987 d)
2285 4936 2340 4984 α,
2373 4930 2455 4988 13,
2483 4933 2512 4985 5
2543 4932 2598 4972 et
2624 4933 2675 4982 2,
2704 4923 2795 4982 26,
2827 4935 2874 4972 ι.
2948 4920 3006 5001 e)
3030 4929 3251 4972 creatur
3277 4914 3429 4972 forte
3446 4914 3575 4987 leg..

2025 4989 2796 5141 agkisxgldlqusahffluc
2832 5006 3016 5068 pergit
3042 4988 3106 5049 C.
3182 4989 3246 5065 b)
3274 4985 3568 5064 camste-

2176 5109 2192 5126 .
2268 5084 2300 5125 c
2352 5083 2382 5123 ο
2433 5082 2463 5122 o
2543 5103 2561 5122 .
2653 5102 2670 5122 .

3349 5205 3410 5283 d)
3431 5206 3576 5283 quod
