4942 6167
1256 322 1411 453 272
1755 350 2225 428 VEGETII
2323 353 2513 425 Lm.
2587 352 2732 423 111.
2840 326 3054 423 clar.
3117 350 3388 421 xmx.
3442 351 3519 421 L.
3572 353 3699 423 H,
3748 352 3920 423 ιιι.

1463 542 1739 615 XLIX.
1787 536 2088 638 s‘r-quod
2111 528 2501 617 iumentum
2531 531 2853 609 morbum
2883 537 3191 629 regium¹
3219 532 3566 625 habuerit,
3598 536 3703 609 his
3728 529 4159 629 agnosciturb
4185 530 4412 631 signis.

1258 648 1528 743 vti-ique
1559 643 1744 716 oculi
1767 640 2009 715 virides
2038 640 2191 713 sunt
2220 654 2263 726 ⁶,
2320 636 2435 710 etd
2462 641 2802 710 ceruicem
2832 639 3221 712 inclinatam
3264 636 3541 711 habebit
3583 643 3656 710 in
3689 653 3715 683 ⁶
3754 639 3987 711 dextra
4073 652 4247 727 arte,
4292 656 4365 713 et
4391 643 4423 687 f
4487 688 4498 693 -

1175 770 1186 792 ·
1262 745 1445 850 pede
1471 744 1750 841 [dextro
1778 754 1809 802 8
1848 744 2092 827 etiam]
2122 736 2379 812 sinistro
2409 737 2751 812 videbitur
2789 739 3186 818 claudicare.
3292 742 3502 813 Cuius
3543 743 3800 813 curatio
3848 738 3944 812 est
3988 743 4000 757 ‘
4221 744 4415 814 Loco

1264 847 1631 925 tenebroso
1663 849 1712 935 ¹²,
1753 841 1866 915 vbi
1892 844 2129 915 lumen
2155 840 2387 914 videre
2417 866 2564 913 non
2575 838 2823 947 poffit,
2856 841 3192 916 clauditur
3219 836 3254 930 ἰ,
3289 856 3362 913 et
3388 844 3698 940 operitur
3723 843 3889 934 sagis
3917 844 4040 930 ita,
4068 865 4159 913 ne
4186 835 4202 883 ¹
4233 843 4418 917 oculi

1198 1005 1239 1052 2
1272 956 1415 1025 eius
1446 952 1833 1050 aperiantur
1853 947 1925 1016 in
1955 943 2097 1032 die,
2147 942 2303 1017 oleo
2348 958 2420 1015 et
2444 946 2606 1017 vino
2644 942 2883 1042 tepido
2925 961 3226 1041 vngqtur
3249 955 3302 988 ‘¹¹
3342 958 3547 1041 atque
3588 942 3970 1027 fricabitun
4051 942 4344 1042 Lapides
4380 957 4417 995 ⁸

1268 1054 1561 1127 molares
1590 1072 1735 1123 non
1762 1049 1987 1120 minus
2070 1043 2323 1118 ondera
2353 1047 2657 1144 quinque
2685 1048 2756 1117 in
2788 1049 3022 1138 ignem
3051 1050 3537 1145 imponuntur,
3582 1045 3882 1119 animalis
3909 1060 4120 1142 caput
4143 1047 4418 1144 copula·

1268 1171 1387 1228 tur
1415 1154 1497 1225 ad
1528 1150 1774 1252 pedm,
1824 1172 1983 1225 cum
2072 1172 2200 1218 ene
2243 1146 2674 1235 canduerint,
2726 1145 2845 1219 sub
2893 1152 3036 1220 eius
3079 1146 3348 1220 naribus
3391 1164 3841 1246 apponuntur
3866 1158 3918 1235 ⁰,
3943 1144 4212 1245 'perfusi
4258 1149 4418 1223 oleo

1270 1253 1748 1347 suffumigatur
1776 1262 1809 1313 P
1849 1275 1957 1338 OS,
2010 1274 2237 1338 narce,
2288 1265 2361 1323 et
2389 1250 2604 1335 oculi,
2640 1262 2716 1321 vt
2743 1248 2968 1321 morbi
2989 1252 3172 1323 virus
3201 1247 3477 1325 exsudet
3507 1261 3558 1317 q.
3611 1248 3801 1348 quod
3830 1273 3956 1347 per
3980 1248 4242 1347 septem
4274 1248 4420 1323 dies

1271 1360 1603 1430 continue
1640 1351 1739 1427 est
1781 1350 2188 1425 faciendum.
2309 1350 2470 1421 Tali
2512 1353 2716 1422 etiam
2754 1352 3017 1422 ratione
3062 1351 3510 1424 succurrimus
3540 1361 3581 1422 Γ.
3664 1351 3987 1443 sanguine
4027 1352 4304 1449 caprino
4347 1367 4422 1425 et

1274 1455 1447 1533 labie
1488 1456 1736 1544 ouillo,
1786 1452 2153 1549 anagallico
2184 1461 2225 1540 ⁸,
2271 1448 2490 1541 costo,
2540 1450 2837 1550 oleoque
2874 1456 3129 1552 pariter
3174 1450 3472 1525 admixto
3513 1446 3710 1551 potio
3750 1449 4113 1527 conficitur
4138 1466 4200 1542 ἲ,
4243 1477 4419 1552 quae

1274 1584 1403 1664 per
1431 1559 1575 1632 dies
1606 1555 1973 1631 duodecim
2000 1554 2213 1627 datur.
3181 1552 3186 1557 ’
3897 1606 3906 1613 .

1482 1692 1560 1760 L.
1658 1712 1696 1758 a
1716 1714 1758 1757 ιε
1776 1714 1823 1757 1>
1858 1680 2208 1757 interdum
2237 1677 2417 1753 biles
2433 1689 2479 1769 ²,
2509 1705 2681 1780 quae
2709 1679 3028 1759 cholerae
3052 1676 3086 1726 t.
3123 1680 3557 1781 appellantur
3581 1680 3825 1779 vulgo,
3871 1680 4093 1753 solent
4117 1681 4426 1755 iumenta

1174 1798 1200 1817 “
1235 1848 1255 1864 .
1276 1816 1536 1865 vexare.
1588 1811 1761 1885 quae
1785 1782 1991 1885 paffio
2022 1785 2126 1855 his
2157 1780 2840 1855 declaraturindiciis:
2885 1800 3370 1864 commonetur
3395 1807 3472 1854 ac
3502 1784 3846 1859 volutatur
3870 1798 3944 1857 vt
3967 1779 4360 1881 strophosus
4378 1799 4423 1856 0.

1280 1894 1697 1985 Sanguinem
1726 1884 1758 1932 ‘¹
1802 1886 1890 1960 de
1937 1887 2204 1957 ceruice
2247 1887 2540 1971 emittis,
2597 1883 2874 1956 daturus
2922 1884 3266 1957 eiusmodi·
3309 1886 3639 1956 continuo
3682 1887 4076 1982 potionem:
4169 1884 4424 1958 herbae

1280 1995 1626 2086 trixaginis
1652 2000 1681 2035 θ
1721 1991 1950 2082 nigrae
1974 1990 2241 2059 vnciam
2271 1982 2298 2028 f
2320 1986 2548 2071 semiS‚
2589 2009 2873 2057 mannae
2901 1986 3152 2058 succari
3174 1998 3203 2043 g
3229 1988 3496 2065 vnciam
3525 2012 3759 2073 vnum,
3791 1988 3951 2057 nitri
3979 1987 4206 2060 vncias
4238 1986 4426 2077 duas,

1282 2098 1445 2168 altei
1472 2092 1506 2139 ¹¹
1548 2095 1775 2165 vncias
1808 2089 2002 2176 duas,
2048 2090 2188 2161 vini
2217 2089 2464 2186 optimi
2491 2086 2846 2160 sextarium
2893 2113 3139 2177 vnum,
3194 2102 3509 2161 conteres
3541 2086 3576 2177 ἱ,
3627 2114 3709 2159 ex
3748 2113 3920 2188 aqua
3958 2088 4173 2162 mulsa
4209 2088 4428 2162 hemi-

1280 2223 1441 2272 nam
1468 2221 1668 2268 vnam
1692 2217 1817 2293 per
1843 2188 2167 2264 sinistram
2196 2214 2431 2261 narem
2465 2187 2788 2260 infundes
2815 2186 2850 2259 ¹.

1484 2328 1544 2395 L
1564 2326 1615 2393 Ι.
1718 2350 1831 2407 Qv
1852 2338 1956 2391 on·
2003 2315 2051 2389 fi
2081 2315 2331 2388 aridam
2357 2312 2569 2387 bilem
2596 2312 2927 2405 habuerit,
2975 2330 3283 2415 myrtum
3309 2311 3640 2408 agrestem
3670 2340 3826 2407 cum
3859 2320 4023 2391 vino
4061 2321 4430 2393 contritam

1284 2450 1409 2527 per
1439 2447 1674 2496 narem
1713 2421 2017 2493 dextram
2056 2417 2421 2505 defundes,
2465 2442 2597 2517 pro
2640 2415 2902 2491 hordeo
2959 2418 3058 2490 far
3113 2416 3463 2515 triticepm
3502 2416 3720 2495 dabis.⁴
3807 2424 4170 2495 Potionem
4215 2423 4430 2524 ipsam

1280 2523 1694 2626 temperabis
1726 2544 1806 2595 ex
1834 2548 2022 2621 aqua.
2209 2549 2221 2558 ·
2264 2599 2273 2610 ,
3819 2535 3862 2561 “

1491 2657 1662 2725 LII.
1719 2681 1758 2723 c
1783 2682 1825 2724 ο
1847 2676 1885 2721 L
1906 2678 1931 2719 ι
1980 2643 2184 2748 passio
2216 2641 2633 2738 grauissimos
2661 2646 2993 2717 cruciatus
3024 2648 3344 2721 iumentis
3378 2648 3735 2722 consueuit
3761 2647 4033 2739 inferre,
4073 2654 4168 2725 ita
4171 2666 4266 2763 yt
4293 2626 4429 2724 <zar2

1286 2755 1458 2827 diaci
1486 2770 1603 2826 aut
1634 2747 1963 2851 strophosi
1993 2744 2122 2819 effe
2168 2746 2566 2832 credantur3
2635 2745 2747 2820 sed
2790 2748 2896 2818 his
2950 2749 3334 2841 agnoscitur
3371 2747 3594 2843 figni's.
3699 2757 3877 2823 Cum
3919 2750 4041 2824 stat
4071 2764 4096 2797 ²
4139 2742 4428 2854 repente

1286 2855 1589 2929 concidit-
1618 2856 1668 2940 ¹²,
1713 2869 1788 2925 vt
1813 2860 2211 2948 arreptumc
2253 2862 2491 2946 puteS,
2536 2843 2585 2916 si
2628 2849 2775 2920 satis
2803 2845 2838 2891 ‘¹
2881 2849 3268 2948 suspensum
3309 2844 3550 2940 fuerit,
3600 2848 3801 2925 dolor
3849 2853 4307 2953 subsequitur,
4359 2871 4432 2928 et

1173 2994 1220 3045 2
1286 2959 1461 3030 iacet
1495 2977 2021 3052 nonnunquam:
2084 2974 2243 3021 cum
2272 2946 2583 3039 frigidam
2615 2974 2854 3048 aquam
2886 2954 3224 3049 acceperit
3252 2964 3278 2996 ⁸
3319 2956 3585 3043 tremit,
3638 2955 3860 3044 sudat,
3908 2957 4196 3030 anhelat.
4300 2961 4430 3029 Cui

1286 3058 1416 3133 hac
1459 3060 1722 3130 ratione
1759 3056 2183 3143 succurritur.
2283 3046 2467 3122 Anifi
2500 3046 2526 3093 f
2561 3054 2824 3122 Pontici
2861 3054 3126 3125 vnciam
3179 3079 3414 3143 vnam,
3470 3056 3863 3156 petroselini
3904 3063 4166 3132 vnciam
4207 3085 4430 3149 vnam,

1194 3222 1205 3229 .
1285 3160 1615 3236 foeniculi
1638 3160 1905 3232 seminis
1931 3157 2229 3239 fficiam,
2278 3153 2532 3252 piperis
2564 3156 2740 3247 nigri
2778 3156 3004 3226 vncias
3049 3154 3245 3245 duaa,
3294 3157 3615 3231 marrubii
3651 3162 3916 3232 vnciam
3955 3188 4193 3251 vnam,
4239 3160 4431 3234 abro-

1287 3265 1431 3338 tani
1460 3264 1724 3335 vnciam
1755 3285 1989 3347 mam,
2018 3256 2251 3328 anethi
2292 3257 2513 3326 vncias
2544 3268 2573 3310 ⁶
2607 3271 2778 3347 tres,
2825 3254 3139 3329 Leuistici
3169 3254 3200 3301 ¹¹
3232 3266 3364 3352 34,
3398 3277 3797 3338 centaureae
3826 3259 4162 3336 i'minoris
4193 3277 4265 3335 et
4294 3288 4429 3335 ma·

1287 3368 1450 3438 ioris
1480 3366 1702 3437 vncias
1736 3360 1932 3449 duas»,
1985 3358 2296 3432 cametris
2322 3354 2336 3401 ¹
2384 3358 2849 3446 semiunciam,
2879 3363 3223 3458 eupatoris
3255 3374 3305 3406 ¹¹¹
3332 3371 3383 3448 Β
3417 3380 3727 3463 quatuor,
3758 3364 4125 3458 gingiberis
4163 3368 4430 3437 vnciam

1289 3468 1519 3556 semis,
1570 3466 1829 3566 pulegii
1856 3476 1888 3509 ¹¹
1930 3462 2395 3547 semiunciam,
2443 3476 2635 3532 rutae
2664 3472 2696 3504 ⁰
2741 3463 3035 3549 vnciam,
3090 3464 3224 3563 apii
3260 3467 3524 3538 vnciam
3573 3468 3797 3555 semis,
3847 3470 4098 3566 pariter
4139 3483 4431 3539 contun-

1174 3659 1184 3669 Ο
1290 3568 1409 3644 des
1436 3584 1508 3642 et
1542 3594 1801 3645 cernes,
1855 3582 2023 3640 tunc
2049 3563 2269 3637 mellis
2310 3564 2557 3660 optimi
2603 3561 2906 3660 pondera
2951 3563 3089 3635 duo
3132 3561 3324 3637 costa
3363 3587 3434 3640 et
3477 3568 3869 3666 despumata
3908 3595 4068 3642 cum
4110 3567 4430 3642 omnibus
4833 3502 4841 3701 .

1285 3673 1558 3763 misceS,
1606 3698 1687 3745 ex
1714 3696 1851 3770 quo
1882 3666 2384 3741 medicamento
2414 3663 2497 3737 ad
2524 3664 3068 3756 magnitudinem
3095 3670 3286 3740 nucis
3328 3669 3667 3741 auellanae
3705 3694 3866 3743 cum
3908 3698 4120 3771 aquae
4161 3654 4431 3770 tepidae

4153 3770 4431 3849 sextario

1219 3918 1227 3925 -
1362 3872 1694 3947 [uxum
1769 3866 1822 3940 a)
1847 3866 1885 3924 ι’.
1904 3885 1951 3923 e.
1975 3863 2273 3940 aur-&inem
2298 3861 2405 3920 ins.
2422 3863 2481 3918 in
2504 3863 2827 3922 lemmateC.
2908 3865 2964 3923 εἰ
2988 3868 3049 3926 C.
3128 3868 3193 3937 h)
3225 3870 3323 3926 alt.
3350 3886 3469 3925 vne.
3498 3887 3529 3926 a
3556 3887 3667 3928 om.
3700 3870 3766 3930 C.
3820 3872 3969 3935 forte
3993 3872 4235 3941 altbeaee,
4273 3873 4433 3931 cuius
4547 3922 4560 3931 ,

1286 3948 1353 4021 b)
1379 3945 1694 4022 agnofi'etur
1720 3944 1781 4000 C.
1858 3945 1915 4010 c)
1930 3942 2080 4027 fiam-t
2108 3943 2168 3996 C.
2241 3940 2301 4009 d)
2327 3951 2383 3993 et
2413 3957 2530 3995 om.
2549 3941 2607 3993 C.
2686 3941 2743 4007 e)
2768 3938 2826 3994 in
2908 3941 3058 4000 vires
3083 3943 3215 4000 huic
3240 3943 3326 4000 rei
3348 3944 3580 4001 idoneas
3607 3946 3821 4005 docent
3861 3947 4090 4006 Medici·
4204 3946 4251 4021 j)
4275 3961 4330 4003 et
4366 3966 4436 4003 ex

1287 4041 1407 4095 om.
1442 4021 1503 4076 F.
1538 4019 1683 4075 forte
1709 4015 2006 4091 legendum
2033 4030 2091 4068 m
2114 4016 2363 4068 dextram
2383 4026 2614 4088 partem.
2656 4013 2824 4072 Certe
2907 4035 2974 4073 ea
3001 4035 3143 4092 aqua
3166 4019 3223 4074 C.
3294 4019 3339 4090 1)
3370 4017 3627 4091 defundes
3655 4021 3713 4076 C.
3786 4024 3875 4099 [C.
3903 4021 4035 4095 HL]
4077 4022 4132 4095 a)
4142 4020 4344 4098 statim
4373 4025 4432 4081 C.

1284 4091 1525 4156 incisum
1555 4092 1675 4166 post
1702 4088 1929 4146 habebit
1952 4086 2086 4145 iure
2126 4086 2395 4144 sublatum
2427 4104 2586 4162 puto.
2663 4087 2824 4147 Alio-
2909 4093 2971 4163 b)
2996 4091 3083 4147 ἕω
3106 4090 3206 4149 ins
3236 4094 3297 4149 C.
3384 4094 3440 4161 c)
3465 4092 3871 4166 interpretatur,
3911 4098 4102 4163 credo,
4139 4104 4430 4162 adamo..

1285 4171 1429 4248 quin
1459 4166 1614 4224 enim
1658 4162 1993 4239 superfluum
2033 4162 2108 4218 est
2144 4162 2330 4218 dicere
2366 4161 2424 4215 in
2466 4165 2659 4219 dextro
2687 4166 2823 4240 pede
2904 4165 3224 4225 concidunt
3266 4165 3423 4223 enim
3462 4166 3782 4249 epileptici,
3819 4188 3877 4228 et
3912 4172 4141 4228 morbus
4183 4171 4433 4244 ipsorum

1281 4242 1619 4307 claudt‘care;
1648 4230 2142 4295 contraditiorium
2158 4275 2175 4303 ,
2201 4235 2514 4311 infim‘flro.
2588 4238 2651 4306 f)
2679 4240 2744 4293 de
2759 4240 2821 4295 C.
2906 4241 2984 4297 est
3006 4240 3259 4296 caducus.
3335 4240 3394 4313 d)
3418 4243 3611 4296 cadens
3632 4245 3686 4299 S.
3701 4240 3788 4301 ‘M.
3876 4247 3932 4313 e)
3952 4245 4277 4321 acceperint,
4323 4260 4434 4301 tre.

1280 4319 1345 4414 g)
1372 4315 1585 4376 inclusa
1612 4332 1728 4371 om.
1753 4314 1812 4368 C.
1832 4330 1887 4368 et
1900 4313 1953 4369 S.
1970 4313 2054 4367 M.
2078 4310 2242 4368 κᾶε.
2323 4310 2386 4381 h)
2413 4311 2732 4388 tenebricoso
2759 4314 2820 4370 C.
2905 4328 3054 4370 mune
3079 4329 3182 4370 etc.
3216 4316 3281 4370 C.
3378 4314 3438 4386 f)
3461 4315 3636 4386 Araefi
3652 4320 3718 4375 C,
3852 4318 3874 4388 )
3928 4318 4060 4395 fflp,
4093 4334 4130 4391 3
4157 4320 4224 4377 ς,
4269 4319 4434 4375 md,

1280 4400 1329 4470 ι)
1353 4394 1633 4451 claudetur
1645 4402 1701 4445 et
1713 4385 1982 4464 operietur
2007 4390 2074 4445 C.
2142 4384 2191 4454 l)
2218 4398 2285 4440 vt
2309 4403 2405 4440 nec
2432 4386 2570 4441 oculi
2591 4385 2704 4441 eius
2727 4406 2764 4441 a
2892 4387 3058 4466 semis
3083 4390 3140 4443 S.
3156 4389 3242 4443 M.
3321 4388 3385 4462 h)
3411 4388 3638 4466 lebaesticz·
3661 4393 3729 4449 C.
3770 4393 3816 4448 li
3843 4394 3868 4446 ι’
3916 4433 3931 4447 .
3959 4395 4021 4450 F.
4047 4410 4108 4451 et
4132 4395 4189 4465 S.
4244 4393 4326 4451 vfi
4348 4395 4435 4452 su.

1256 4479 1510 4552 peream
1540 4467 1602 4522 C.
1659 4472 1740 4530 m)
1767 4461 1991 4535 vnguito
2015 4473 2129 4533 atq.
2147 4459 2513 4530 defricabitur
2543 4463 2602 4517 C.
2646 4469 2713 4539 n)
2740 4399 2823 4515 b:
2907 4480 3029 4518 mus
3058 4461 3314 4520 libertate
3338 4482 3462 4521 non
3499 4481 3712 4540 magna.
3788 4466 3834 4537 i)
3863 4471 4195 4527 centaureae
4211 4467 4328 4542 seri
4347 4486 4435 4524 α,

1269 4541 1418 4625 pldt‘s
1443 4539 1662 4596 molaris
1684 4554 1787 4592 non
1826 4535 1998 4590 minus
2030 4536 2233 4621 popalus
2259 4536 2319 4589 C.
2383 4534 2611 4609 Lapides
2620 4534 2823 4607 —fa-
2902 4536 3088 4591 muri
3113 4534 3296 4608 semuc
3319 4539 3610 4613 filporeusn
3631 4538 3816 4616 sepum
3853 4562 3870 4597 ι
3887 4559 3908 4599 1
3923 4559 3946 4596 t
3959 4558 4005 4598 1.
4043 4543 4250 4619 pulegii
4279 4546 4436 4601 Com.

1277 4618 1516 4678 ciendum
1546 4634 1657 4669 om.
1684 4612 1741 4668 S.
1757 4612 1842 4667 M.
1923 4609 1985 4681 o)
2011 4622 2066 4665 et
2092 4607 2193 4666 ins.
2235 4610 2293 4665 C.
2374 4614 2434 4682 p)
2453 4608 2821 4686 suffumigium
2893 4609 3032 4686 pani
3052 4626 3175 4665 m.
3218 4628 3265 4676 r,
3284 4611 3541 4685 gingiber
3552 4613 3783 4687 senune.
3811 4615 4029 4690 pariter
4050 4620 4338 4672 contundes
4364 4620 4438 4674 C.›

1276 4690 1738 4837 wast..
1753 4681 2725 4833 q}.‘*stfz”.;fi52...:>zr⁶zzzztzz
2889 4683 3173 4813 {tara
3188 4683 4436 4836 {aarzsssffzffirzrsm⁰²psz;;..¹2;;:

1277 4838 1371 4917 [C.
1402 4838 1503 4912 L.]
1558 4836 1610 4907 a)
1642 4834 1763 4890 bilis
1785 4852 1918 4908 quae
1948 4832 2157 4889 cholera
2244 4829 2483 4907 pellatur
2508 4834 2569 4888 C.
2613 4833 2678 4885 de
2704 4829 2818 4895 bili,
2900 4830 3019 4886 vid.
3061 4845 3111 4902 3,
3137 4850 3227 4902 55,
3251 4852 3284 4902 7
3313 4854 3412 4892 no.
3437 4853 3502 4908 g,
3533 4867 3542 4873 .
3571 4838 3651 4905 m)
3685 4778 3799 4909 png
3815 4800 4113 4913 emma-3⁰·
4147 4838 4309 4909 stlat-1·
4335 4856 4434 4894 v„-

1272 4930 1411 4988 quaee
1433 4912 1611 4967 colera
1636 4922 1752 4986 app.
1798 4911 1852 4964 S.
1878 4911 1965 4965 M.
2050 4906 2084 4962 b
2141 4922 2197 4961 co
2219 4926 2344 4963 erae
2374 4906 2431 4961 F.
2450 4906 2506 4962 S.
2551 4948 2558 4955 .
2596 4908 2652 4973 c)
2680 4902 2817 4971 slro-
2898 4906 3008 4960 cias
3041 4922 3272 4981 quatum·
3298 4912 3352 4966 S.
3367 4912 3451 4966 M.
3491 4908 3528 4964 f.
3563 4909 3768 4983 Silpbii.
3857 4918 3921 4983 n)
3943 4913 4055 4987 pul.
4083 4913 4298 4989 caprini
4333 4930 4434 4967 vn..

1052 5022 1097 5083 s
1265 4987 1386 5065 pho.
1420 4986 1508 5041 cut·
1532 4987 1584 5044 S.
1599 4987 1682 5043 M.
1774 4984 1834 5052 d)
1857 4983 1911 5038 ei
1934 4981 2039 5040 ins.
2115 5022 2129 5037 .
2222 4984 2287 5052 e)
2307 4995 2528 5051 tra-rag.
2565 4979 2623 5034 C.
2661 4965 2814 5035 idem
2897 4979 3035 5036 ciam
3078 4983 3136 5039 S.
3168 4985 3254 5039 M.
3405 4984 3469 5057 o)
3494 4995 3684 5053 rutae,
3724 4980 3840 5063 epi?
3862 4984 4115 5064 seminis,
4161 5004 4272 5045 m,
4307 5004 4429 5044 vu„

1271 5082 1385 5124 om.
1398 5061 1591 5139 nigrae
1607 5056 1912 5136 vna-semis.
1976 5056 2011 5116 f
2016 5062 2041 5131 )
2070 5054 2259 5114 vncc'as
2270 5053 2378 5134 fix
2401 5055 2454 5112 S.
2481 5054 2564 5112 M.
2613 5052 2672 5129 g)
2696 5068 2815 5114 cro-
2899 5070 3064 5115 vnaem
3090 5059 3149 5118 S.
3163 5058 3254 5117 M.
3359 5100 3368 5107 -
4353 5133 4392 5195 fi

1290 5168 1301 5177 ’
1458 5154 1487 5169 ”’
4249 5135 4311 5212 P)
4394 5152 4424 5193 c
